%YAML 1.1
%TAG !u! tag:unity3d.com,2011:
--- !u!1 &2081923767300901958
GameObject:
  m_ObjectHideFlags: 0
  m_CorrespondingSourceObject: {fileID: 0}
  m_PrefabInstance: {fileID: 0}
  m_PrefabAsset: {fileID: 0}
  serializedVersion: 6
  m_Component:
  - component: {fileID: 2081923767300901956}
  - component: {fileID: 2081923767300901954}
  - component: {fileID: 2619706953118551768}
  - component: {fileID: 4500295091536220144}
  - component: {fileID: 8892217722409790778}
  - component: {fileID: 3580079091502177331}
  m_Layer: 15
  m_Name: TunnelBlock
  m_TagString: Untagged
  m_Icon: {fileID: 0}
  m_NavMeshLayer: 0
  m_StaticEditorFlags: 4294967295
  m_IsActive: 1
--- !u!4 &2081923767300901956
Transform:
  m_ObjectHideFlags: 0
  m_CorrespondingSourceObject: {fileID: 0}
  m_PrefabInstance: {fileID: 0}
  m_PrefabAsset: {fileID: 0}
  m_GameObject: {fileID: 2081923767300901958}
  m_LocalRotation: {x: 0, y: 0, z: 0, w: 1}
  m_LocalPosition: {x: -0.0047292, y: 0, z: 0}
  m_LocalScale: {x: 1.1031, y: 1.0973, z: 1}
  m_Children:
  - {fileID: 898833902972044619}
  m_Father: {fileID: 0}
  m_RootOrder: 0
  m_LocalEulerAnglesHint: {x: 0, y: 0, z: 0}
--- !u!114 &2081923767300901954
MonoBehaviour:
  m_ObjectHideFlags: 0
  m_CorrespondingSourceObject: {fileID: 0}
  m_PrefabInstance: {fileID: 0}
  m_PrefabAsset: {fileID: 0}
  m_GameObject: {fileID: 2081923767300901958}
  m_Enabled: 1
  m_EditorHideFlags: 0
  m_Script: {fileID: 11500000, guid: 9e309df1bcc1e3441adb4e6d51e87022, type: 3}
  m_Name: 
  m_EditorClassIdentifier: 
  collisionBox: {fileID: 2619706953118551768}
--- !u!65 &2619706953118551768
BoxCollider:
  m_ObjectHideFlags: 0
  m_CorrespondingSourceObject: {fileID: 0}
  m_PrefabInstance: {fileID: 0}
  m_PrefabAsset: {fileID: 0}
  m_GameObject: {fileID: 2081923767300901958}
  m_Material: {fileID: 0}
  m_IsTrigger: 0
  m_Enabled: 1
  serializedVersion: 2
  m_Size: {x: 1, y: 1, z: 6.3716917}
  m_Center: {x: 0, y: 1.5, z: 1.8270488}
--- !u!114 &4500295091536220144
MonoBehaviour:
  m_ObjectHideFlags: 0
  m_CorrespondingSourceObject: {fileID: 0}
  m_PrefabInstance: {fileID: 0}
  m_PrefabAsset: {fileID: 0}
  m_GameObject: {fileID: 2081923767300901958}
  m_Enabled: 1
  m_EditorHideFlags: 0
  m_Script: {fileID: 11500000, guid: 35e95dc5ff2b64380880dd7ac5922847, type: 3}
  m_Name: 
  m_EditorClassIdentifier: 
  m_Size: {x: 1, y: 1, z: 6.193788}
  m_Center: {x: -0.065, y: 0, z: 1.8107841}
  m_Area: 3
  m_AffectedAgents: ffffffff
--- !u!65 &8892217722409790778
BoxCollider:
  m_ObjectHideFlags: 0
  m_CorrespondingSourceObject: {fileID: 0}
  m_PrefabInstance: {fileID: 0}
  m_PrefabAsset: {fileID: 0}
  m_GameObject: {fileID: 2081923767300901958}
  m_Material: {fileID: 0}
  m_IsTrigger: 0
  m_Enabled: 1
  serializedVersion: 2
  m_Size: {x: 1, y: 1, z: 6.3716917}
  m_Center: {x: 1.1, y: 1.5, z: 1.8270488}
--- !u!65 &3580079091502177331
BoxCollider:
  m_ObjectHideFlags: 0
  m_CorrespondingSourceObject: {fileID: 0}
  m_PrefabInstance: {fileID: 0}
  m_PrefabAsset: {fileID: 0}
  m_GameObject: {fileID: 2081923767300901958}
  m_Material: {fileID: 0}
  m_IsTrigger: 0
  m_Enabled: 1
  serializedVersion: 2
  m_Size: {x: 1, y: 1, z: 6.3716917}
  m_Center: {x: -1.1, y: 1.5, z: 1.8270488}
--- !u!1001 &898833902972182475
PrefabInstance:
  m_ObjectHideFlags: 0
  serializedVersion: 2
  m_Modification:
    m_TransformParent: {fileID: 2081923767300901956}
    m_Modifications:
    - target: {fileID: 100000, guid: 7d35fa93d8b63a841ba85a6a8ac47827, type: 3}
      propertyPath: m_Name
      value: SM_Prop_Beams_01
      objectReference: {fileID: 0}
    - target: {fileID: 400000, guid: 7d35fa93d8b63a841ba85a6a8ac47827, type: 3}
      propertyPath: m_LocalPosition.x
      value: -0.00000012858
      objectReference: {fileID: 0}
    - target: {fileID: 400000, guid: 7d35fa93d8b63a841ba85a6a8ac47827, type: 3}
      propertyPath: m_LocalPosition.y
      value: 1.01
      objectReference: {fileID: 0}
    - target: {fileID: 400000, guid: 7d35fa93d8b63a841ba85a6a8ac47827, type: 3}
      propertyPath: m_LocalPosition.z
      value: -1.3506
      objectReference: {fileID: 0}
    - target: {fileID: 400000, guid: 7d35fa93d8b63a841ba85a6a8ac47827, type: 3}
      propertyPath: m_LocalRotation.x
      value: -0
      objectReference: {fileID: 0}
    - target: {fileID: 400000, guid: 7d35fa93d8b63a841ba85a6a8ac47827, type: 3}
      propertyPath: m_LocalRotation.y
      value: -0
      objectReference: {fileID: 0}
    - target: {fileID: 400000, guid: 7d35fa93d8b63a841ba85a6a8ac47827, type: 3}
      propertyPath: m_LocalRotation.z
      value: -0.70710576
      objectReference: {fileID: 0}
    - target: {fileID: 400000, guid: 7d35fa93d8b63a841ba85a6a8ac47827, type: 3}
      propertyPath: m_LocalRotation.w
      value: 0.7071079
      objectReference: {fileID: 0}
    - target: {fileID: 400000, guid: 7d35fa93d8b63a841ba85a6a8ac47827, type: 3}
      propertyPath: m_RootOrder
      value: 0
      objectReference: {fileID: 0}
    - target: {fileID: 400000, guid: 7d35fa93d8b63a841ba85a6a8ac47827, type: 3}
      propertyPath: m_LocalEulerAnglesHint.x
      value: 0
      objectReference: {fileID: 0}
    - target: {fileID: 400000, guid: 7d35fa93d8b63a841ba85a6a8ac47827, type: 3}
      propertyPath: m_LocalEulerAnglesHint.y
      value: 0
      objectReference: {fileID: 0}
    - target: {fileID: 400000, guid: 7d35fa93d8b63a841ba85a6a8ac47827, type: 3}
      propertyPath: m_LocalEulerAnglesHint.z
      value: -90.00001
      objectReference: {fileID: 0}
    - target: {fileID: 400000, guid: 7d35fa93d8b63a841ba85a6a8ac47827, type: 3}
      propertyPath: m_LocalScale.z
      value: 1.2587785
      objectReference: {fileID: 0}
    - target: {fileID: 400000, guid: 7d35fa93d8b63a841ba85a6a8ac47827, type: 3}
      propertyPath: m_LocalScale.x
      value: 2.1653442
      objectReference: {fileID: 0}
    - target: {fileID: 400000, guid: 7d35fa93d8b63a841ba85a6a8ac47827, type: 3}
      propertyPath: m_LocalScale.y
      value: 2.0786095
      objectReference: {fileID: 0}
    - target: {fileID: 2300000, guid: 7d35fa93d8b63a841ba85a6a8ac47827, type: 3}
      propertyPath: m_Materials.Array.data[0]
      value: 
      objectReference: {fileID: 2100000, guid: bdfd86bb68e6e72419cbf417c2a6362d, type: 2}
    m_RemovedComponents: []
  m_SourcePrefab: {fileID: 100100000, guid: 7d35fa93d8b63a841ba85a6a8ac47827, type: 3}
--- !u!4 &898833902972044619 stripped
Transform:
  m_CorrespondingSourceObject: {fileID: 400000, guid: 7d35fa93d8b63a841ba85a6a8ac47827,
    type: 3}
  m_PrefabInstance: {fileID: 898833902972182475}
  m_PrefabAsset: {fileID: 0}
