%YAML 1.1
%TAG !u! tag:unity3d.com,2011:
--- !u!1 &132746865872903560
GameObject:
  m_ObjectHideFlags: 0
  m_CorrespondingSourceObject: {fileID: 0}
  m_PrefabInstance: {fileID: 0}
  m_PrefabAsset: {fileID: 0}
  serializedVersion: 6
  m_Component:
  - component: {fileID: 8731802652486225634}
  m_Layer: 0
  m_Name: Luces
  m_TagString: Untagged
  m_Icon: {fileID: 0}
  m_NavMeshLayer: 0
  m_StaticEditorFlags: 4294967295
  m_IsActive: 1
--- !u!4 &8731802652486225634
Transform:
  m_ObjectHideFlags: 0
  m_CorrespondingSourceObject: {fileID: 0}
  m_PrefabInstance: {fileID: 0}
  m_PrefabAsset: {fileID: 0}
  m_GameObject: {fileID: 132746865872903560}
  m_LocalRotation: {x: 0, y: 0, z: 0, w: 1}
  m_LocalPosition: {x: 0, y: 0, z: 0}
  m_LocalScale: {x: 1, y: 1, z: 1}
  m_Children:
  - {fileID: 4275404868820711158}
  m_Father: {fileID: 1387799045364522000}
  m_RootOrder: 4
  m_LocalEulerAnglesHint: {x: 0, y: 0, z: 0}
--- !u!1 &1366236409735933268
GameObject:
  m_ObjectHideFlags: 0
  m_CorrespondingSourceObject: {fileID: 0}
  m_PrefabInstance: {fileID: 0}
  m_PrefabAsset: {fileID: 0}
  serializedVersion: 6
  m_Component:
  - component: {fileID: 8263921223371482190}
  - component: {fileID: 3914101121736379624}
  - component: {fileID: 643354663682854639}
  - component: {fileID: 5400685182563527285}
  m_Layer: 0
  m_Name: CrystalShardCluster_B
  m_TagString: Untagged
  m_Icon: {fileID: 0}
  m_NavMeshLayer: 0
  m_StaticEditorFlags: 4294967295
  m_IsActive: 1
--- !u!4 &8263921223371482190
Transform:
  m_ObjectHideFlags: 0
  m_CorrespondingSourceObject: {fileID: 0}
  m_PrefabInstance: {fileID: 0}
  m_PrefabAsset: {fileID: 0}
  m_GameObject: {fileID: 1366236409735933268}
  m_LocalRotation: {x: 0.0010008807, y: -0.008618781, z: 0.0008688408, w: 0.999962}
  m_LocalPosition: {x: 2.6680868, y: -0.25171682, z: -1.4692551}
  m_LocalScale: {x: 1.4643598, y: 1.4643598, z: 1.4643598}
  m_Children: []
  m_Father: {fileID: 4927498799954342990}
  m_RootOrder: 0
  m_LocalEulerAnglesHint: {x: 0.116000004, y: -0.98800004, z: 0.09900001}
--- !u!33 &3914101121736379624
MeshFilter:
  m_ObjectHideFlags: 0
  m_CorrespondingSourceObject: {fileID: 0}
  m_PrefabInstance: {fileID: 0}
  m_PrefabAsset: {fileID: 0}
  m_GameObject: {fileID: 1366236409735933268}
  m_Mesh: {fileID: 4300002, guid: a1c344b2dc2fa754a9a1d5309b293f75, type: 3}
--- !u!23 &643354663682854639
MeshRenderer:
  m_ObjectHideFlags: 0
  m_CorrespondingSourceObject: {fileID: 0}
  m_PrefabInstance: {fileID: 0}
  m_PrefabAsset: {fileID: 0}
  m_GameObject: {fileID: 1366236409735933268}
  m_Enabled: 1
  m_CastShadows: 1
  m_ReceiveShadows: 1
  m_DynamicOccludee: 1
  m_MotionVectors: 1
  m_LightProbeUsage: 1
  m_ReflectionProbeUsage: 1
  m_RenderingLayerMask: 1
  m_RendererPriority: 0
  m_Materials:
  - {fileID: 2100000, guid: e476526443de63d479694f842510e796, type: 2}
  m_StaticBatchInfo:
    firstSubMesh: 0
    subMeshCount: 0
  m_StaticBatchRoot: {fileID: 0}
  m_ProbeAnchor: {fileID: 0}
  m_LightProbeVolumeOverride: {fileID: 0}
  m_ScaleInLightmap: 1
  m_ReceiveGI: 1
  m_PreserveUVs: 0
  m_IgnoreNormalsForChartDetection: 0
  m_ImportantGI: 0
  m_StitchLightmapSeams: 1
  m_SelectedEditorRenderState: 3
  m_MinimumChartSize: 4
  m_AutoUVMaxDistance: 0.5
  m_AutoUVMaxAngle: 89
  m_LightmapParameters: {fileID: 0}
  m_SortingLayerID: 0
  m_SortingLayer: 0
  m_SortingOrder: 0
--- !u!136 &5400685182563527285
CapsuleCollider:
  m_ObjectHideFlags: 0
  m_CorrespondingSourceObject: {fileID: 0}
  m_PrefabInstance: {fileID: 0}
  m_PrefabAsset: {fileID: 0}
  m_GameObject: {fileID: 1366236409735933268}
  m_Material: {fileID: 0}
  m_IsTrigger: 0
  m_Enabled: 1
  m_Radius: 0.91455024
  m_Height: 2.5358567
  m_Direction: 1
  m_Center: {x: 0.14853705, y: 0.8959065, z: -0.24962008}
--- !u!1 &1387799045364522001
GameObject:
  m_ObjectHideFlags: 0
  m_CorrespondingSourceObject: {fileID: 0}
  m_PrefabInstance: {fileID: 0}
  m_PrefabAsset: {fileID: 0}
  serializedVersion: 6
  m_Component:
  - component: {fileID: 1387799045364522000}
  m_Layer: 0
  m_Name: Sala 4
  m_TagString: Untagged
  m_Icon: {fileID: 0}
  m_NavMeshLayer: 0
  m_StaticEditorFlags: 4294967295
  m_IsActive: 1
--- !u!4 &1387799045364522000
Transform:
  m_ObjectHideFlags: 0
  m_CorrespondingSourceObject: {fileID: 0}
  m_PrefabInstance: {fileID: 0}
  m_PrefabAsset: {fileID: 0}
  m_GameObject: {fileID: 1387799045364522001}
  m_LocalRotation: {x: 0, y: 0, z: 0, w: 1}
  m_LocalPosition: {x: 0, y: 0, z: 0}
  m_LocalScale: {x: 1, y: 1, z: 1}
  m_Children:
  - {fileID: 4927498799954342990}
  - {fileID: 8195813700686729150}
  - {fileID: 6371603285934933020}
  - {fileID: 7280050691503974974}
  - {fileID: 8731802652486225634}
  - {fileID: 1886193482996605264}
  - {fileID: 4782571448457148051}
  m_Father: {fileID: 0}
  m_RootOrder: 0
  m_LocalEulerAnglesHint: {x: 0, y: 0, z: 0}
--- !u!1 &1769128734841722070
GameObject:
  m_ObjectHideFlags: 0
  m_CorrespondingSourceObject: {fileID: 0}
  m_PrefabInstance: {fileID: 0}
  m_PrefabAsset: {fileID: 0}
  serializedVersion: 6
  m_Component:
  - component: {fileID: 4275404868820711158}
  - component: {fileID: 926924469802788429}
  m_Layer: 0
  m_Name: Light Probe Group
  m_TagString: Untagged
  m_Icon: {fileID: 0}
  m_NavMeshLayer: 0
  m_StaticEditorFlags: 4294967295
  m_IsActive: 1
--- !u!4 &4275404868820711158
Transform:
  m_ObjectHideFlags: 0
  m_CorrespondingSourceObject: {fileID: 0}
  m_PrefabInstance: {fileID: 0}
  m_PrefabAsset: {fileID: 0}
  m_GameObject: {fileID: 1769128734841722070}
  m_LocalRotation: {x: 0, y: 0, z: 0, w: 1}
  m_LocalPosition: {x: 3.48, y: 2.1, z: 0.58}
  m_LocalScale: {x: 1, y: 1, z: 1}
  m_Children: []
  m_Father: {fileID: 8731802652486225634}
  m_RootOrder: 0
  m_LocalEulerAnglesHint: {x: 0, y: 0, z: 0}
--- !u!220 &926924469802788429
LightProbeGroup:
  m_ObjectHideFlags: 0
  m_CorrespondingSourceObject: {fileID: 0}
  m_PrefabInstance: {fileID: 0}
  m_PrefabAsset: {fileID: 0}
  m_GameObject: {fileID: 1769128734841722070}
  m_Enabled: 1
  m_SourcePositions:
  - {x: 0.17547584, y: 1.3712502, z: -0.93527895}
  - {x: -0.64026666, y: 1, z: -12.141815}
  - {x: 0.17547584, y: -0.62874985, z: -0.93527895}
  - {x: -0.64026666, y: -1, z: -12.141815}
  - {x: 0.19005346, y: 1, z: 10.8332}
  - {x: 0.19005346, y: -1, z: 10.8332}
  - {x: -20.535664, y: 1, z: -14.144697}
  - {x: -20.535664, y: -1, z: -14.144697}
  m_Dering: 1
--- !u!1 &1926826830888116128
GameObject:
  m_ObjectHideFlags: 0
  m_CorrespondingSourceObject: {fileID: 0}
  m_PrefabInstance: {fileID: 0}
  m_PrefabAsset: {fileID: 0}
  serializedVersion: 6
  m_Component:
  - component: {fileID: 3452910429590385878}
  - component: {fileID: 4396578303297710771}
  - component: {fileID: 5602267598191542935}
  m_Layer: 0
  m_Name: CrystalShardCluster_E
  m_TagString: Untagged
  m_Icon: {fileID: 0}
  m_NavMeshLayer: 0
  m_StaticEditorFlags: 4294967295
  m_IsActive: 1
--- !u!4 &3452910429590385878
Transform:
  m_ObjectHideFlags: 0
  m_CorrespondingSourceObject: {fileID: 0}
  m_PrefabInstance: {fileID: 0}
  m_PrefabAsset: {fileID: 0}
  m_GameObject: {fileID: 1926826830888116128}
  m_LocalRotation: {x: -0, y: 0.00007994472, z: -0, w: 1}
  m_LocalPosition: {x: -2.402636, y: 0.37790003, z: 1.9968945}
  m_LocalScale: {x: 0.2714416, y: 0.27144155, z: 0.2714416}
  m_Children: []
  m_Father: {fileID: 4927498799954342990}
  m_RootOrder: 3
  m_LocalEulerAnglesHint: {x: 0, y: 0.009000001, z: 0}
--- !u!33 &4396578303297710771
MeshFilter:
  m_ObjectHideFlags: 0
  m_CorrespondingSourceObject: {fileID: 0}
  m_PrefabInstance: {fileID: 0}
  m_PrefabAsset: {fileID: 0}
  m_GameObject: {fileID: 1926826830888116128}
  m_Mesh: {fileID: 4300002, guid: c5282aeb427f6af449fb295b8cb2f532, type: 3}
--- !u!23 &5602267598191542935
MeshRenderer:
  m_ObjectHideFlags: 0
  m_CorrespondingSourceObject: {fileID: 0}
  m_PrefabInstance: {fileID: 0}
  m_PrefabAsset: {fileID: 0}
  m_GameObject: {fileID: 1926826830888116128}
  m_Enabled: 1
  m_CastShadows: 1
  m_ReceiveShadows: 1
  m_DynamicOccludee: 1
  m_MotionVectors: 1
  m_LightProbeUsage: 1
  m_ReflectionProbeUsage: 1
  m_RenderingLayerMask: 1
  m_RendererPriority: 0
  m_Materials:
  - {fileID: 2100000, guid: e476526443de63d479694f842510e796, type: 2}
  m_StaticBatchInfo:
    firstSubMesh: 0
    subMeshCount: 0
  m_StaticBatchRoot: {fileID: 0}
  m_ProbeAnchor: {fileID: 0}
  m_LightProbeVolumeOverride: {fileID: 0}
  m_ScaleInLightmap: 1
  m_ReceiveGI: 1
  m_PreserveUVs: 0
  m_IgnoreNormalsForChartDetection: 0
  m_ImportantGI: 0
  m_StitchLightmapSeams: 1
  m_SelectedEditorRenderState: 3
  m_MinimumChartSize: 4
  m_AutoUVMaxDistance: 0.5
  m_AutoUVMaxAngle: 89
  m_LightmapParameters: {fileID: 0}
  m_SortingLayerID: 0
  m_SortingLayer: 0
  m_SortingOrder: 0
--- !u!1 &3416138023959419734
GameObject:
  m_ObjectHideFlags: 0
  m_CorrespondingSourceObject: {fileID: 0}
  m_PrefabInstance: {fileID: 0}
  m_PrefabAsset: {fileID: 0}
  serializedVersion: 6
  m_Component:
  - component: {fileID: 8195813700686729150}
  - component: {fileID: 9048569650192990361}
  - component: {fileID: 8309364761865288675}
  - component: {fileID: 1357059981129013286}
  m_Layer: 16
  m_Name: Suelo
  m_TagString: Untagged
  m_Icon: {fileID: 0}
  m_NavMeshLayer: 0
  m_StaticEditorFlags: 4294967295
  m_IsActive: 1
--- !u!4 &8195813700686729150
Transform:
  m_ObjectHideFlags: 0
  m_CorrespondingSourceObject: {fileID: 0}
  m_PrefabInstance: {fileID: 0}
  m_PrefabAsset: {fileID: 0}
  m_GameObject: {fileID: 3416138023959419734}
  m_LocalRotation: {x: 0, y: 0, z: 0, w: 1}
  m_LocalPosition: {x: 0, y: 0, z: 0}
  m_LocalScale: {x: 4, y: 1, z: 4}
  m_Children: []
  m_Father: {fileID: 1387799045364522000}
  m_RootOrder: 1
  m_LocalEulerAnglesHint: {x: 0, y: 0, z: 0}
--- !u!33 &9048569650192990361
MeshFilter:
  m_ObjectHideFlags: 0
  m_CorrespondingSourceObject: {fileID: 0}
  m_PrefabInstance: {fileID: 0}
  m_PrefabAsset: {fileID: 0}
  m_GameObject: {fileID: 3416138023959419734}
  m_Mesh: {fileID: 10209, guid: 0000000000000000e000000000000000, type: 0}
--- !u!23 &8309364761865288675
MeshRenderer:
  m_ObjectHideFlags: 0
  m_CorrespondingSourceObject: {fileID: 0}
  m_PrefabInstance: {fileID: 0}
  m_PrefabAsset: {fileID: 0}
  m_GameObject: {fileID: 3416138023959419734}
  m_Enabled: 1
  m_CastShadows: 0
  m_ReceiveShadows: 1
  m_DynamicOccludee: 1
  m_MotionVectors: 1
  m_LightProbeUsage: 1
  m_ReflectionProbeUsage: 1
  m_RenderingLayerMask: 1
  m_RendererPriority: 0
  m_Materials:
  - {fileID: 2100000, guid: 7b05f831bf670a849a29268ec2639b03, type: 2}
  m_StaticBatchInfo:
    firstSubMesh: 0
    subMeshCount: 0
  m_StaticBatchRoot: {fileID: 0}
  m_ProbeAnchor: {fileID: 0}
  m_LightProbeVolumeOverride: {fileID: 0}
  m_ScaleInLightmap: 0.5
  m_ReceiveGI: 1
  m_PreserveUVs: 0
  m_IgnoreNormalsForChartDetection: 0
  m_ImportantGI: 0
  m_StitchLightmapSeams: 1
  m_SelectedEditorRenderState: 3
  m_MinimumChartSize: 4
  m_AutoUVMaxDistance: 0.5
  m_AutoUVMaxAngle: 89
  m_LightmapParameters: {fileID: 0}
  m_SortingLayerID: 0
  m_SortingLayer: 0
  m_SortingOrder: 0
--- !u!64 &1357059981129013286
MeshCollider:
  m_ObjectHideFlags: 0
  m_CorrespondingSourceObject: {fileID: 0}
  m_PrefabInstance: {fileID: 0}
  m_PrefabAsset: {fileID: 0}
  m_GameObject: {fileID: 3416138023959419734}
  m_Material: {fileID: 0}
  m_IsTrigger: 0
  m_Enabled: 1
  serializedVersion: 3
  m_Convex: 0
  m_CookingOptions: 14
  m_Mesh: {fileID: 10209, guid: 0000000000000000e000000000000000, type: 0}
--- !u!1 &3726606649208127943
GameObject:
  m_ObjectHideFlags: 0
  m_CorrespondingSourceObject: {fileID: 0}
  m_PrefabInstance: {fileID: 0}
  m_PrefabAsset: {fileID: 0}
  serializedVersion: 6
  m_Component:
  - component: {fileID: 6371603285934933020}
  m_Layer: 0
  m_Name: Paredes
  m_TagString: Untagged
  m_Icon: {fileID: 0}
  m_NavMeshLayer: 0
  m_StaticEditorFlags: 4294967295
  m_IsActive: 1
--- !u!4 &6371603285934933020
Transform:
  m_ObjectHideFlags: 0
  m_CorrespondingSourceObject: {fileID: 0}
  m_PrefabInstance: {fileID: 0}
  m_PrefabAsset: {fileID: 0}
  m_GameObject: {fileID: 3726606649208127943}
  m_LocalRotation: {x: 0, y: 0, z: 0, w: 1}
  m_LocalPosition: {x: 0, y: 0, z: 0}
  m_LocalScale: {x: 1.7694416, y: 1.7694416, z: 1.7694416}
  m_Children:
  - {fileID: 3921760777152014726}
  - {fileID: 7607309083247440840}
  m_Father: {fileID: 1387799045364522000}
  m_RootOrder: 2
  m_LocalEulerAnglesHint: {x: 0, y: 0, z: 0}
--- !u!1 &6908269453640939605
GameObject:
  m_ObjectHideFlags: 0
  m_CorrespondingSourceObject: {fileID: 0}
  m_PrefabInstance: {fileID: 0}
  m_PrefabAsset: {fileID: 0}
  serializedVersion: 6
  m_Component:
  - component: {fileID: 4532341043147087873}
  - component: {fileID: 8223296263686962148}
  - component: {fileID: 707892498119716330}
  m_Layer: 0
  m_Name: CrystalShardCluster_C
  m_TagString: Untagged
  m_Icon: {fileID: 0}
  m_NavMeshLayer: 0
  m_StaticEditorFlags: 4294967295
  m_IsActive: 1
--- !u!4 &4532341043147087873
Transform:
  m_ObjectHideFlags: 0
  m_CorrespondingSourceObject: {fileID: 0}
  m_PrefabInstance: {fileID: 0}
  m_PrefabAsset: {fileID: 0}
  m_GameObject: {fileID: 6908269453640939605}
  m_LocalRotation: {x: 0.38160032, y: 0.67489296, z: -0.30605245, w: 0.5524787}
  m_LocalPosition: {x: -3.6730273, y: 2.5, z: -0.47290006}
  m_LocalScale: {x: 1, y: 1, z: 1}
  m_Children: []
  m_Father: {fileID: 4927498799954342990}
  m_RootOrder: 1
  m_LocalEulerAnglesHint: {x: 56.591003, y: 111.54401, z: 18.740002}
--- !u!33 &8223296263686962148
MeshFilter:
  m_ObjectHideFlags: 0
  m_CorrespondingSourceObject: {fileID: 0}
  m_PrefabInstance: {fileID: 0}
  m_PrefabAsset: {fileID: 0}
  m_GameObject: {fileID: 6908269453640939605}
  m_Mesh: {fileID: 4300002, guid: aa6e03e81159bd34aa84fecfd251f503, type: 3}
--- !u!23 &707892498119716330
MeshRenderer:
  m_ObjectHideFlags: 0
  m_CorrespondingSourceObject: {fileID: 0}
  m_PrefabInstance: {fileID: 0}
  m_PrefabAsset: {fileID: 0}
  m_GameObject: {fileID: 6908269453640939605}
  m_Enabled: 1
  m_CastShadows: 1
  m_ReceiveShadows: 1
  m_DynamicOccludee: 1
  m_MotionVectors: 1
  m_LightProbeUsage: 1
  m_ReflectionProbeUsage: 1
  m_RenderingLayerMask: 1
  m_RendererPriority: 0
  m_Materials:
  - {fileID: 2100000, guid: e476526443de63d479694f842510e796, type: 2}
  m_StaticBatchInfo:
    firstSubMesh: 0
    subMeshCount: 0
  m_StaticBatchRoot: {fileID: 0}
  m_ProbeAnchor: {fileID: 0}
  m_LightProbeVolumeOverride: {fileID: 0}
  m_ScaleInLightmap: 1
  m_ReceiveGI: 1
  m_PreserveUVs: 0
  m_IgnoreNormalsForChartDetection: 0
  m_ImportantGI: 0
  m_StitchLightmapSeams: 1
  m_SelectedEditorRenderState: 3
  m_MinimumChartSize: 4
  m_AutoUVMaxDistance: 0.5
  m_AutoUVMaxAngle: 89
  m_LightmapParameters: {fileID: 0}
  m_SortingLayerID: 0
  m_SortingLayer: 0
  m_SortingOrder: 0
--- !u!1 &8084700341735204024
GameObject:
  m_ObjectHideFlags: 0
  m_CorrespondingSourceObject: {fileID: 0}
  m_PrefabInstance: {fileID: 0}
  m_PrefabAsset: {fileID: 0}
  serializedVersion: 6
  m_Component:
  - component: {fileID: 4927498799954342990}
  m_Layer: 0
  m_Name: Decoracion
  m_TagString: Untagged
  m_Icon: {fileID: 0}
  m_NavMeshLayer: 0
  m_StaticEditorFlags: 4294967295
  m_IsActive: 1
--- !u!4 &4927498799954342990
Transform:
  m_ObjectHideFlags: 0
  m_CorrespondingSourceObject: {fileID: 0}
  m_PrefabInstance: {fileID: 0}
  m_PrefabAsset: {fileID: 0}
  m_GameObject: {fileID: 8084700341735204024}
  m_LocalRotation: {x: 0, y: 0, z: 0, w: 1}
  m_LocalPosition: {x: 0, y: 0, z: 0}
  m_LocalScale: {x: 1.7694416, y: 1.7694416, z: 1.7694416}
  m_Children:
  - {fileID: 8263921223371482190}
  - {fileID: 4532341043147087873}
  - {fileID: 4013050092159657322}
  - {fileID: 3452910429590385878}
  - {fileID: 1538759374579247265}
  - {fileID: 1648650453998661352}
  - {fileID: 4929504296512215221}
  - {fileID: 4517507186664881674}
  - {fileID: 3261100016137018481}
  - {fileID: 6490544610417748352}
  - {fileID: 8492280534426759730}
  - {fileID: 8695344309147549533}
  - {fileID: 4670765104377475777}
  - {fileID: 79191246169624968}
  - {fileID: 3920978303570456305}
  m_Father: {fileID: 1387799045364522000}
  m_RootOrder: 0
  m_LocalEulerAnglesHint: {x: 0, y: 0, z: 0}
--- !u!1 &8331899752190729125
GameObject:
  m_ObjectHideFlags: 0
  m_CorrespondingSourceObject: {fileID: 0}
  m_PrefabInstance: {fileID: 0}
  m_PrefabAsset: {fileID: 0}
  serializedVersion: 6
  m_Component:
  - component: {fileID: 4013050092159657322}
  - component: {fileID: 902590533384172552}
  - component: {fileID: 7624328444396440373}
  m_Layer: 0
  m_Name: CrystalCubeCluster_B
  m_TagString: Untagged
  m_Icon: {fileID: 0}
  m_NavMeshLayer: 0
  m_StaticEditorFlags: 4294967295
  m_IsActive: 1
--- !u!4 &4013050092159657322
Transform:
  m_ObjectHideFlags: 0
  m_CorrespondingSourceObject: {fileID: 0}
  m_PrefabInstance: {fileID: 0}
  m_PrefabAsset: {fileID: 0}
  m_GameObject: {fileID: 8331899752190729125}
  m_LocalRotation: {x: 0.18753432, y: -0.024612859, z: -0.12818438, w: 0.9735471}
  m_LocalPosition: {x: -3.257053, y: 2.2898085, z: -6.926962}
  m_LocalScale: {x: 0.5, y: 0.5, z: 0.5}
  m_Children: []
  m_Father: {fileID: 4927498799954342990}
  m_RootOrder: 2
  m_LocalEulerAnglesHint: {x: 21.029001, y: -5.9030004, z: -16.098001}
--- !u!33 &902590533384172552
MeshFilter:
  m_ObjectHideFlags: 0
  m_CorrespondingSourceObject: {fileID: 0}
  m_PrefabInstance: {fileID: 0}
  m_PrefabAsset: {fileID: 0}
  m_GameObject: {fileID: 8331899752190729125}
  m_Mesh: {fileID: 4300002, guid: 41f57dba3b08b094dadef43879b400e2, type: 3}
--- !u!23 &7624328444396440373
MeshRenderer:
  m_ObjectHideFlags: 0
  m_CorrespondingSourceObject: {fileID: 0}
  m_PrefabInstance: {fileID: 0}
  m_PrefabAsset: {fileID: 0}
  m_GameObject: {fileID: 8331899752190729125}
  m_Enabled: 1
  m_CastShadows: 1
  m_ReceiveShadows: 1
  m_DynamicOccludee: 1
  m_MotionVectors: 1
  m_LightProbeUsage: 1
  m_ReflectionProbeUsage: 1
  m_RenderingLayerMask: 1
  m_RendererPriority: 0
  m_Materials:
  - {fileID: 2100000, guid: e476526443de63d479694f842510e796, type: 2}
  m_StaticBatchInfo:
    firstSubMesh: 0
    subMeshCount: 0
  m_StaticBatchRoot: {fileID: 0}
  m_ProbeAnchor: {fileID: 0}
  m_LightProbeVolumeOverride: {fileID: 0}
  m_ScaleInLightmap: 1
  m_ReceiveGI: 1
  m_PreserveUVs: 0
  m_IgnoreNormalsForChartDetection: 0
  m_ImportantGI: 0
  m_StitchLightmapSeams: 1
  m_SelectedEditorRenderState: 3
  m_MinimumChartSize: 4
  m_AutoUVMaxDistance: 0.5
  m_AutoUVMaxAngle: 89
  m_LightmapParameters: {fileID: 0}
  m_SortingLayerID: 0
  m_SortingLayer: 0
  m_SortingOrder: 0
--- !u!1 &8511528763985570814
GameObject:
  m_ObjectHideFlags: 0
  m_CorrespondingSourceObject: {fileID: 0}
  m_PrefabInstance: {fileID: 0}
  m_PrefabAsset: {fileID: 0}
  serializedVersion: 6
  m_Component:
  - component: {fileID: 7280050691503974974}
  m_Layer: 0
  m_Name: Colisiones
  m_TagString: Untagged
  m_Icon: {fileID: 0}
  m_NavMeshLayer: 0
  m_StaticEditorFlags: 4294967295
  m_IsActive: 1
--- !u!4 &7280050691503974974
Transform:
  m_ObjectHideFlags: 0
  m_CorrespondingSourceObject: {fileID: 0}
  m_PrefabInstance: {fileID: 0}
  m_PrefabAsset: {fileID: 0}
  m_GameObject: {fileID: 8511528763985570814}
  m_LocalRotation: {x: 0, y: 0, z: 0, w: 1}
  m_LocalPosition: {x: 0, y: 0, z: 0}
  m_LocalScale: {x: 0, y: 0, z: 0}
  m_Children: []
  m_Father: {fileID: 1387799045364522000}
  m_RootOrder: 3
  m_LocalEulerAnglesHint: {x: 0, y: 0, z: 0}
--- !u!1001 &969278074
PrefabInstance:
  m_ObjectHideFlags: 0
  serializedVersion: 2
  m_Modification:
    m_TransformParent: {fileID: 1387799045364522000}
    m_Modifications:
    - target: {fileID: 1886193482304676651, guid: 897ab7c2c2018cf4e83e9ea52742bdac,
        type: 3}
      propertyPath: m_Name
      value: Room logic (Save4)
      objectReference: {fileID: 0}
    - target: {fileID: 1886193482304676651, guid: 897ab7c2c2018cf4e83e9ea52742bdac,
        type: 3}
      propertyPath: m_StaticEditorFlags
      value: 4294967295
      objectReference: {fileID: 0}
    - target: {fileID: 1886193482304676650, guid: 897ab7c2c2018cf4e83e9ea52742bdac,
        type: 3}
      propertyPath: m_LocalPosition.x
      value: 5.5
      objectReference: {fileID: 0}
    - target: {fileID: 1886193482304676650, guid: 897ab7c2c2018cf4e83e9ea52742bdac,
        type: 3}
      propertyPath: m_LocalPosition.y
      value: -7.4376
      objectReference: {fileID: 0}
    - target: {fileID: 1886193482304676650, guid: 897ab7c2c2018cf4e83e9ea52742bdac,
        type: 3}
      propertyPath: m_LocalPosition.z
      value: -2
      objectReference: {fileID: 0}
    - target: {fileID: 1886193482304676650, guid: 897ab7c2c2018cf4e83e9ea52742bdac,
        type: 3}
      propertyPath: m_LocalRotation.x
      value: 0
      objectReference: {fileID: 0}
    - target: {fileID: 1886193482304676650, guid: 897ab7c2c2018cf4e83e9ea52742bdac,
        type: 3}
      propertyPath: m_LocalRotation.y
      value: 0
      objectReference: {fileID: 0}
    - target: {fileID: 1886193482304676650, guid: 897ab7c2c2018cf4e83e9ea52742bdac,
        type: 3}
      propertyPath: m_LocalRotation.z
      value: 0
      objectReference: {fileID: 0}
    - target: {fileID: 1886193482304676650, guid: 897ab7c2c2018cf4e83e9ea52742bdac,
        type: 3}
      propertyPath: m_LocalRotation.w
      value: 1
      objectReference: {fileID: 0}
    - target: {fileID: 1886193482304676650, guid: 897ab7c2c2018cf4e83e9ea52742bdac,
        type: 3}
      propertyPath: m_RootOrder
      value: 5
      objectReference: {fileID: 0}
    - target: {fileID: 1886193482304676650, guid: 897ab7c2c2018cf4e83e9ea52742bdac,
        type: 3}
      propertyPath: m_LocalEulerAnglesHint.x
      value: 0
      objectReference: {fileID: 0}
    - target: {fileID: 1886193482304676650, guid: 897ab7c2c2018cf4e83e9ea52742bdac,
        type: 3}
      propertyPath: m_LocalEulerAnglesHint.y
      value: 0
      objectReference: {fileID: 0}
    - target: {fileID: 1886193482304676650, guid: 897ab7c2c2018cf4e83e9ea52742bdac,
        type: 3}
      propertyPath: m_LocalEulerAnglesHint.z
      value: 0
      objectReference: {fileID: 0}
    - target: {fileID: 1886193483982898230, guid: 897ab7c2c2018cf4e83e9ea52742bdac,
        type: 3}
      propertyPath: m_LocalEulerAnglesHint.x
      value: -20
      objectReference: {fileID: 0}
    - target: {fileID: 3404860776714994463, guid: 897ab7c2c2018cf4e83e9ea52742bdac,
        type: 3}
      propertyPath: m_LocalPosition.z
      value: -1.32
      objectReference: {fileID: 0}
    - target: {fileID: 3404860776714994463, guid: 897ab7c2c2018cf4e83e9ea52742bdac,
        type: 3}
      propertyPath: m_LocalEulerAnglesHint.x
      value: 90
      objectReference: {fileID: 0}
    - target: {fileID: 3404860776714994463, guid: 897ab7c2c2018cf4e83e9ea52742bdac,
        type: 3}
      propertyPath: m_LocalPosition.x
      value: -5.49
      objectReference: {fileID: 0}
    - target: {fileID: 3404860776714994463, guid: 897ab7c2c2018cf4e83e9ea52742bdac,
        type: 3}
      propertyPath: m_LocalPosition.y
      value: 34.8
      objectReference: {fileID: 0}
    - target: {fileID: 1886193482304676653, guid: 897ab7c2c2018cf4e83e9ea52742bdac,
        type: 3}
      propertyPath: roomInMap
      value: 15
      objectReference: {fileID: 0}
    - target: {fileID: 7201988070380789109, guid: 897ab7c2c2018cf4e83e9ea52742bdac,
        type: 3}
      propertyPath: m_Size.x
      value: 18.158798
      objectReference: {fileID: 0}
    - target: {fileID: 7201988070380789109, guid: 897ab7c2c2018cf4e83e9ea52742bdac,
        type: 3}
      propertyPath: m_Size.z
      value: 18.771196
      objectReference: {fileID: 0}
    - target: {fileID: 7201988070380789109, guid: 897ab7c2c2018cf4e83e9ea52742bdac,
        type: 3}
      propertyPath: m_Center.x
      value: -4.147215
      objectReference: {fileID: 0}
    - target: {fileID: 7201988070380789109, guid: 897ab7c2c2018cf4e83e9ea52742bdac,
        type: 3}
      propertyPath: m_Center.z
      value: 2.591506
      objectReference: {fileID: 0}
    - target: {fileID: 3495833279034271167, guid: 897ab7c2c2018cf4e83e9ea52742bdac,
        type: 3}
      propertyPath: orthographic size
      value: 9.308319
      objectReference: {fileID: 0}
    - target: {fileID: 297426742593035379, guid: 897ab7c2c2018cf4e83e9ea52742bdac,
        type: 3}
      propertyPath: m_StaticEditorFlags
      value: 4294967295
      objectReference: {fileID: 0}
    - target: {fileID: 297426742593035379, guid: 897ab7c2c2018cf4e83e9ea52742bdac,
        type: 3}
      propertyPath: m_IsActive
      value: 0
      objectReference: {fileID: 0}
    - target: {fileID: 5128386848462134495, guid: 897ab7c2c2018cf4e83e9ea52742bdac,
        type: 3}
      propertyPath: sharedProfile
      value: 
      objectReference: {fileID: 11400000, guid: 2bce295e93d76d4428e11d16a5df0bcb,
        type: 2}
    - target: {fileID: 8875806825987193767, guid: 897ab7c2c2018cf4e83e9ea52742bdac,
        type: 3}
      propertyPath: musicOnRoom
      value: Zona1_Base
      objectReference: {fileID: 0}
    m_RemovedComponents: []
  m_SourcePrefab: {fileID: 100100000, guid: 897ab7c2c2018cf4e83e9ea52742bdac, type: 3}
--- !u!4 &1886193482996605264 stripped
Transform:
  m_CorrespondingSourceObject: {fileID: 1886193482304676650, guid: 897ab7c2c2018cf4e83e9ea52742bdac,
    type: 3}
  m_PrefabInstance: {fileID: 969278074}
  m_PrefabAsset: {fileID: 0}
--- !u!1001 &78652436924607134
PrefabInstance:
  m_ObjectHideFlags: 0
  serializedVersion: 2
  m_Modification:
    m_TransformParent: {fileID: 4927498799954342990}
    m_Modifications:
    - target: {fileID: 1000011064542636, guid: 415da768c34cb73488334a54b934ac8e, type: 3}
      propertyPath: m_Name
      value: Cavern_RockSml-02
      objectReference: {fileID: 0}
    - target: {fileID: 4000011807292182, guid: 415da768c34cb73488334a54b934ac8e, type: 3}
      propertyPath: m_LocalPosition.x
      value: -3.3455675
      objectReference: {fileID: 0}
    - target: {fileID: 4000011807292182, guid: 415da768c34cb73488334a54b934ac8e, type: 3}
      propertyPath: m_LocalPosition.y
      value: 2.4688015
      objectReference: {fileID: 0}
    - target: {fileID: 4000011807292182, guid: 415da768c34cb73488334a54b934ac8e, type: 3}
      propertyPath: m_LocalPosition.z
      value: -6.73
      objectReference: {fileID: 0}
    - target: {fileID: 4000011807292182, guid: 415da768c34cb73488334a54b934ac8e, type: 3}
      propertyPath: m_LocalRotation.x
      value: 0.05187437
      objectReference: {fileID: 0}
    - target: {fileID: 4000011807292182, guid: 415da768c34cb73488334a54b934ac8e, type: 3}
      propertyPath: m_LocalRotation.y
      value: -0.10140644
      objectReference: {fileID: 0}
    - target: {fileID: 4000011807292182, guid: 415da768c34cb73488334a54b934ac8e, type: 3}
      propertyPath: m_LocalRotation.z
      value: -0.6455268
      objectReference: {fileID: 0}
    - target: {fileID: 4000011807292182, guid: 415da768c34cb73488334a54b934ac8e, type: 3}
      propertyPath: m_LocalRotation.w
      value: 0.75519603
      objectReference: {fileID: 0}
    - target: {fileID: 4000011807292182, guid: 415da768c34cb73488334a54b934ac8e, type: 3}
      propertyPath: m_RootOrder
      value: 13
      objectReference: {fileID: 0}
    - target: {fileID: 4000011807292182, guid: 415da768c34cb73488334a54b934ac8e, type: 3}
      propertyPath: m_LocalEulerAnglesHint.x
      value: -3.0130002
      objectReference: {fileID: 0}
    - target: {fileID: 4000011807292182, guid: 415da768c34cb73488334a54b934ac8e, type: 3}
      propertyPath: m_LocalEulerAnglesHint.y
      value: -12.735001
      objectReference: {fileID: 0}
    - target: {fileID: 4000011807292182, guid: 415da768c34cb73488334a54b934ac8e, type: 3}
      propertyPath: m_LocalEulerAnglesHint.z
      value: -80.71001
      objectReference: {fileID: 0}
    - target: {fileID: 4000011807292182, guid: 415da768c34cb73488334a54b934ac8e, type: 3}
      propertyPath: m_LocalScale.x
      value: 1.8623818
      objectReference: {fileID: 0}
    - target: {fileID: 4000011807292182, guid: 415da768c34cb73488334a54b934ac8e, type: 3}
      propertyPath: m_LocalScale.y
      value: 1.8623822
      objectReference: {fileID: 0}
    - target: {fileID: 4000011807292182, guid: 415da768c34cb73488334a54b934ac8e, type: 3}
      propertyPath: m_LocalScale.z
      value: 1.8623815
      objectReference: {fileID: 0}
    m_RemovedComponents: []
  m_SourcePrefab: {fileID: 100100000, guid: 415da768c34cb73488334a54b934ac8e, type: 3}
--- !u!4 &79191246169624968 stripped
Transform:
  m_CorrespondingSourceObject: {fileID: 4000011807292182, guid: 415da768c34cb73488334a54b934ac8e,
    type: 3}
  m_PrefabInstance: {fileID: 78652436924607134}
  m_PrefabAsset: {fileID: 0}
--- !u!1001 &1289471199283116938
PrefabInstance:
  m_ObjectHideFlags: 0
  serializedVersion: 2
  m_Modification:
    m_TransformParent: {fileID: 1387799045364522000}
    m_Modifications:
    - target: {fileID: 6029453800741540715, guid: 0790612681c2bdb4ebaf1c9edc7537c7,
        type: 3}
      propertyPath: m_Name
      value: Checkpoint
      objectReference: {fileID: 0}
    - target: {fileID: 6033139452177239321, guid: 0790612681c2bdb4ebaf1c9edc7537c7,
        type: 3}
      propertyPath: m_LocalPosition.x
      value: -0.48
      objectReference: {fileID: 0}
    - target: {fileID: 6033139452177239321, guid: 0790612681c2bdb4ebaf1c9edc7537c7,
        type: 3}
      propertyPath: m_LocalPosition.y
      value: 0.36000013
      objectReference: {fileID: 0}
    - target: {fileID: 6033139452177239321, guid: 0790612681c2bdb4ebaf1c9edc7537c7,
        type: 3}
      propertyPath: m_LocalPosition.z
      value: -2.03
      objectReference: {fileID: 0}
    - target: {fileID: 6033139452177239321, guid: 0790612681c2bdb4ebaf1c9edc7537c7,
        type: 3}
      propertyPath: m_LocalRotation.x
      value: 0
      objectReference: {fileID: 0}
    - target: {fileID: 6033139452177239321, guid: 0790612681c2bdb4ebaf1c9edc7537c7,
        type: 3}
      propertyPath: m_LocalRotation.y
      value: 0.7071068
      objectReference: {fileID: 0}
    - target: {fileID: 6033139452177239321, guid: 0790612681c2bdb4ebaf1c9edc7537c7,
        type: 3}
      propertyPath: m_LocalRotation.z
      value: 0
      objectReference: {fileID: 0}
    - target: {fileID: 6033139452177239321, guid: 0790612681c2bdb4ebaf1c9edc7537c7,
        type: 3}
      propertyPath: m_LocalRotation.w
      value: 0.7071068
      objectReference: {fileID: 0}
    - target: {fileID: 6033139452177239321, guid: 0790612681c2bdb4ebaf1c9edc7537c7,
        type: 3}
      propertyPath: m_RootOrder
      value: 6
      objectReference: {fileID: 0}
    - target: {fileID: 6033139452177239321, guid: 0790612681c2bdb4ebaf1c9edc7537c7,
        type: 3}
      propertyPath: m_LocalEulerAnglesHint.x
      value: 0
      objectReference: {fileID: 0}
    - target: {fileID: 6033139452177239321, guid: 0790612681c2bdb4ebaf1c9edc7537c7,
        type: 3}
      propertyPath: m_LocalEulerAnglesHint.y
      value: 90
      objectReference: {fileID: 0}
    - target: {fileID: 6033139452177239321, guid: 0790612681c2bdb4ebaf1c9edc7537c7,
        type: 3}
      propertyPath: m_LocalEulerAnglesHint.z
      value: 0
      objectReference: {fileID: 0}
    - target: {fileID: 6033139452177239321, guid: 0790612681c2bdb4ebaf1c9edc7537c7,
        type: 3}
      propertyPath: m_LocalScale.x
      value: 1
      objectReference: {fileID: 0}
    - target: {fileID: 6033139452177239321, guid: 0790612681c2bdb4ebaf1c9edc7537c7,
        type: 3}
      propertyPath: m_LocalScale.y
      value: 0.5
      objectReference: {fileID: 0}
    - target: {fileID: 6033139452177239321, guid: 0790612681c2bdb4ebaf1c9edc7537c7,
        type: 3}
      propertyPath: m_LocalScale.z
      value: 1
      objectReference: {fileID: 0}
    - target: {fileID: 4256080197053969285, guid: 0790612681c2bdb4ebaf1c9edc7537c7,
        type: 3}
      propertyPath: m_RootOrder
      value: 10
      objectReference: {fileID: 0}
    - target: {fileID: 3582387877488079126, guid: 0790612681c2bdb4ebaf1c9edc7537c7,
        type: 3}
      propertyPath: m_RootOrder
      value: 6
      objectReference: {fileID: 0}
    - target: {fileID: 3582387877488079126, guid: 0790612681c2bdb4ebaf1c9edc7537c7,
        type: 3}
      propertyPath: m_LocalRotation.x
      value: 0.36911234
      objectReference: {fileID: 0}
    - target: {fileID: 3582387877488079126, guid: 0790612681c2bdb4ebaf1c9edc7537c7,
        type: 3}
      propertyPath: m_LocalRotation.y
      value: 0.49981162
      objectReference: {fileID: 0}
    - target: {fileID: 3582387877488079126, guid: 0790612681c2bdb4ebaf1c9edc7537c7,
        type: 3}
      propertyPath: m_LocalRotation.z
      value: 0.689425
      objectReference: {fileID: 0}
    - target: {fileID: 3582387877488079126, guid: 0790612681c2bdb4ebaf1c9edc7537c7,
        type: 3}
      propertyPath: m_LocalRotation.w
      value: -0.3723407
      objectReference: {fileID: 0}
    - target: {fileID: 3582387877488079126, guid: 0790612681c2bdb4ebaf1c9edc7537c7,
        type: 3}
      propertyPath: m_LocalPosition.x
      value: 0.27
      objectReference: {fileID: 0}
    - target: {fileID: 3582387877488079126, guid: 0790612681c2bdb4ebaf1c9edc7537c7,
        type: 3}
      propertyPath: m_LocalPosition.z
      value: -3.76
      objectReference: {fileID: 0}
    - target: {fileID: 3582387877488079126, guid: 0790612681c2bdb4ebaf1c9edc7537c7,
        type: 3}
      propertyPath: m_LocalEulerAnglesHint.y
      value: -149.033
      objectReference: {fileID: 0}
    - target: {fileID: 2383060329828283173, guid: 0790612681c2bdb4ebaf1c9edc7537c7,
        type: 3}
      propertyPath: m_RootOrder
      value: 5
      objectReference: {fileID: 0}
    - target: {fileID: 2383060329828283173, guid: 0790612681c2bdb4ebaf1c9edc7537c7,
        type: 3}
      propertyPath: m_LocalPosition.x
      value: -3.32
      objectReference: {fileID: 0}
    - target: {fileID: 2383060329828283173, guid: 0790612681c2bdb4ebaf1c9edc7537c7,
        type: 3}
      propertyPath: m_LocalPosition.z
      value: -2.63
      objectReference: {fileID: 0}
    - target: {fileID: 2383060329828283173, guid: 0790612681c2bdb4ebaf1c9edc7537c7,
        type: 3}
      propertyPath: m_LocalPosition.y
      value: -1.1989
      objectReference: {fileID: 0}
    - target: {fileID: 2383060329828283173, guid: 0790612681c2bdb4ebaf1c9edc7537c7,
        type: 3}
      propertyPath: m_LocalScale.x
      value: 100.97248
      objectReference: {fileID: 0}
    - target: {fileID: 2383060329828283173, guid: 0790612681c2bdb4ebaf1c9edc7537c7,
        type: 3}
      propertyPath: m_LocalScale.y
      value: 100.972466
      objectReference: {fileID: 0}
    - target: {fileID: 2383060329828283173, guid: 0790612681c2bdb4ebaf1c9edc7537c7,
        type: 3}
      propertyPath: m_LocalScale.z
      value: 178.33182
      objectReference: {fileID: 0}
    - target: {fileID: 1967509952079061630, guid: 0790612681c2bdb4ebaf1c9edc7537c7,
        type: 3}
      propertyPath: m_RootOrder
      value: 8
      objectReference: {fileID: 0}
    - target: {fileID: 1967509952079061630, guid: 0790612681c2bdb4ebaf1c9edc7537c7,
        type: 3}
      propertyPath: m_LocalPosition.x
      value: -0.24
      objectReference: {fileID: 0}
    - target: {fileID: 1967509952079061630, guid: 0790612681c2bdb4ebaf1c9edc7537c7,
        type: 3}
      propertyPath: m_LocalPosition.z
      value: -3.07
      objectReference: {fileID: 0}
    - target: {fileID: 1967509952079061630, guid: 0790612681c2bdb4ebaf1c9edc7537c7,
        type: 3}
      propertyPath: m_LocalPosition.y
      value: -1.1013
      objectReference: {fileID: 0}
    - target: {fileID: 1967509952079061630, guid: 0790612681c2bdb4ebaf1c9edc7537c7,
        type: 3}
      propertyPath: m_LocalScale.x
      value: 90.75655
      objectReference: {fileID: 0}
    - target: {fileID: 1967509952079061630, guid: 0790612681c2bdb4ebaf1c9edc7537c7,
        type: 3}
      propertyPath: m_LocalScale.y
      value: 68.05577
      objectReference: {fileID: 0}
    - target: {fileID: 1967509952079061630, guid: 0790612681c2bdb4ebaf1c9edc7537c7,
        type: 3}
      propertyPath: m_LocalScale.z
      value: 120.61197
      objectReference: {fileID: 0}
    - target: {fileID: 1967509952079061630, guid: 0790612681c2bdb4ebaf1c9edc7537c7,
        type: 3}
      propertyPath: m_LocalRotation.x
      value: -0.30690703
      objectReference: {fileID: 0}
    - target: {fileID: 1967509952079061630, guid: 0790612681c2bdb4ebaf1c9edc7537c7,
        type: 3}
      propertyPath: m_LocalRotation.y
      value: -0.6370307
      objectReference: {fileID: 0}
    - target: {fileID: 1967509952079061630, guid: 0790612681c2bdb4ebaf1c9edc7537c7,
        type: 3}
      propertyPath: m_LocalRotation.z
      value: -0.6370307
      objectReference: {fileID: 0}
    - target: {fileID: 1967509952079061630, guid: 0790612681c2bdb4ebaf1c9edc7537c7,
        type: 3}
      propertyPath: m_LocalRotation.w
      value: 0.30690703
      objectReference: {fileID: 0}
    - target: {fileID: 1967509952079061630, guid: 0790612681c2bdb4ebaf1c9edc7537c7,
        type: 3}
      propertyPath: m_LocalEulerAnglesHint.z
      value: -128.55301
      objectReference: {fileID: 0}
    - target: {fileID: 1967509952079061630, guid: 0790612681c2bdb4ebaf1c9edc7537c7,
        type: 3}
      propertyPath: m_LocalEulerAnglesHint.x
      value: -90.00001
      objectReference: {fileID: 0}
    - target: {fileID: 1183251126599341306, guid: 0790612681c2bdb4ebaf1c9edc7537c7,
        type: 3}
      propertyPath: m_RootOrder
      value: 7
      objectReference: {fileID: 0}
    - target: {fileID: 1183251126599341306, guid: 0790612681c2bdb4ebaf1c9edc7537c7,
        type: 3}
      propertyPath: m_LocalPosition.x
      value: 0.28351
      objectReference: {fileID: 0}
    - target: {fileID: 1183251126599341306, guid: 0790612681c2bdb4ebaf1c9edc7537c7,
        type: 3}
      propertyPath: m_LocalPosition.y
      value: -0.91641
      objectReference: {fileID: 0}
    - target: {fileID: 1183251126599341306, guid: 0790612681c2bdb4ebaf1c9edc7537c7,
        type: 3}
      propertyPath: m_LocalPosition.z
      value: 3.3792
      objectReference: {fileID: 0}
    - target: {fileID: 1183251126599341306, guid: 0790612681c2bdb4ebaf1c9edc7537c7,
        type: 3}
      propertyPath: m_LocalScale.x
      value: 92.90726
      objectReference: {fileID: 0}
    - target: {fileID: 1183251126599341306, guid: 0790612681c2bdb4ebaf1c9edc7537c7,
        type: 3}
      propertyPath: m_LocalScale.y
      value: 99.25304
      objectReference: {fileID: 0}
    - target: {fileID: 1183251126599341306, guid: 0790612681c2bdb4ebaf1c9edc7537c7,
        type: 3}
      propertyPath: m_LocalScale.z
      value: 151.38887
      objectReference: {fileID: 0}
    - target: {fileID: 1183251126599341306, guid: 0790612681c2bdb4ebaf1c9edc7537c7,
        type: 3}
      propertyPath: m_LocalRotation.x
      value: -0.64114076
      objectReference: {fileID: 0}
    - target: {fileID: 1183251126599341306, guid: 0790612681c2bdb4ebaf1c9edc7537c7,
        type: 3}
      propertyPath: m_LocalRotation.y
      value: -0.33716193
      objectReference: {fileID: 0}
    - target: {fileID: 1183251126599341306, guid: 0790612681c2bdb4ebaf1c9edc7537c7,
        type: 3}
      propertyPath: m_LocalRotation.z
      value: -0.40010515
      objectReference: {fileID: 0}
    - target: {fileID: 1183251126599341306, guid: 0790612681c2bdb4ebaf1c9edc7537c7,
        type: 3}
      propertyPath: m_LocalRotation.w
      value: 0.5614056
      objectReference: {fileID: 0}
    - target: {fileID: 1183251126599341306, guid: 0790612681c2bdb4ebaf1c9edc7537c7,
        type: 3}
      propertyPath: m_LocalEulerAnglesHint.x
      value: -98.238
      objectReference: {fileID: 0}
    - target: {fileID: 1183251126599341306, guid: 0790612681c2bdb4ebaf1c9edc7537c7,
        type: 3}
      propertyPath: m_LocalEulerAnglesHint.y
      value: -69.79999
      objectReference: {fileID: 0}
    - target: {fileID: 1183251126599341306, guid: 0790612681c2bdb4ebaf1c9edc7537c7,
        type: 3}
      propertyPath: m_LocalEulerAnglesHint.z
      value: 6.7759857
      objectReference: {fileID: 0}
    - target: {fileID: 288527340607148128, guid: 0790612681c2bdb4ebaf1c9edc7537c7,
        type: 3}
      propertyPath: m_RootOrder
      value: 4
      objectReference: {fileID: 0}
    - target: {fileID: 288527340607148128, guid: 0790612681c2bdb4ebaf1c9edc7537c7,
        type: 3}
      propertyPath: m_LocalPosition.x
      value: -2.34
      objectReference: {fileID: 0}
    - target: {fileID: 288527340607148128, guid: 0790612681c2bdb4ebaf1c9edc7537c7,
        type: 3}
      propertyPath: m_LocalPosition.y
      value: -0.56822
      objectReference: {fileID: 0}
    - target: {fileID: 288527340607148128, guid: 0790612681c2bdb4ebaf1c9edc7537c7,
        type: 3}
      propertyPath: m_LocalPosition.z
      value: 3.19
      objectReference: {fileID: 0}
    - target: {fileID: 288527340607148128, guid: 0790612681c2bdb4ebaf1c9edc7537c7,
        type: 3}
      propertyPath: m_LocalScale.x
      value: 83.30791
      objectReference: {fileID: 0}
    - target: {fileID: 288527340607148128, guid: 0790612681c2bdb4ebaf1c9edc7537c7,
        type: 3}
      propertyPath: m_LocalScale.y
      value: 70.52632
      objectReference: {fileID: 0}
    - target: {fileID: 288527340607148128, guid: 0790612681c2bdb4ebaf1c9edc7537c7,
        type: 3}
      propertyPath: m_LocalScale.z
      value: 125.9358
      objectReference: {fileID: 0}
    - target: {fileID: 288527340607148128, guid: 0790612681c2bdb4ebaf1c9edc7537c7,
        type: 3}
      propertyPath: m_LocalRotation.x
      value: -0.3368517
      objectReference: {fileID: 0}
    - target: {fileID: 288527340607148128, guid: 0790612681c2bdb4ebaf1c9edc7537c7,
        type: 3}
      propertyPath: m_LocalRotation.y
      value: -0.6217162
      objectReference: {fileID: 0}
    - target: {fileID: 288527340607148128, guid: 0790612681c2bdb4ebaf1c9edc7537c7,
        type: 3}
      propertyPath: m_LocalRotation.z
      value: -0.6217162
      objectReference: {fileID: 0}
    - target: {fileID: 288527340607148128, guid: 0790612681c2bdb4ebaf1c9edc7537c7,
        type: 3}
      propertyPath: m_LocalRotation.w
      value: 0.3368517
      objectReference: {fileID: 0}
    - target: {fileID: 288527340607148128, guid: 0790612681c2bdb4ebaf1c9edc7537c7,
        type: 3}
      propertyPath: m_LocalEulerAnglesHint.z
      value: -123.102005
      objectReference: {fileID: 0}
    - target: {fileID: 288527340607148128, guid: 0790612681c2bdb4ebaf1c9edc7537c7,
        type: 3}
      propertyPath: m_LocalEulerAnglesHint.x
      value: -90.00001
      objectReference: {fileID: 0}
    - target: {fileID: 8918727620135728284, guid: 0790612681c2bdb4ebaf1c9edc7537c7,
        type: 3}
      propertyPath: m_LocalRotation.x
      value: -0.7065853
      objectReference: {fileID: 0}
    - target: {fileID: 8918727620135728284, guid: 0790612681c2bdb4ebaf1c9edc7537c7,
        type: 3}
      propertyPath: m_LocalRotation.y
      value: 0.027151883
      objectReference: {fileID: 0}
    - target: {fileID: 8918727620135728284, guid: 0790612681c2bdb4ebaf1c9edc7537c7,
        type: 3}
      propertyPath: m_LocalRotation.z
      value: -0.027158111
      objectReference: {fileID: 0}
    - target: {fileID: 8918727620135728284, guid: 0790612681c2bdb4ebaf1c9edc7537c7,
        type: 3}
      propertyPath: m_LocalRotation.w
      value: 0.70658505
      objectReference: {fileID: 0}
    - target: {fileID: 8918727620135728284, guid: 0790612681c2bdb4ebaf1c9edc7537c7,
        type: 3}
      propertyPath: m_LocalPosition.x
      value: -0.85
      objectReference: {fileID: 0}
    - target: {fileID: 8918727620135728284, guid: 0790612681c2bdb4ebaf1c9edc7537c7,
        type: 3}
      propertyPath: m_LocalPosition.y
      value: 0.01
      objectReference: {fileID: 0}
    - target: {fileID: 8918727620135728284, guid: 0790612681c2bdb4ebaf1c9edc7537c7,
        type: 3}
      propertyPath: m_LocalPosition.z
      value: 0.12
      objectReference: {fileID: 0}
    - target: {fileID: 8918727620135728284, guid: 0790612681c2bdb4ebaf1c9edc7537c7,
        type: 3}
      propertyPath: m_LocalEulerAnglesHint.x
      value: -94.40199
      objectReference: {fileID: 0}
    - target: {fileID: 8918727620135728284, guid: 0790612681c2bdb4ebaf1c9edc7537c7,
        type: 3}
      propertyPath: m_LocalEulerAnglesHint.y
      value: -90
      objectReference: {fileID: 0}
    - target: {fileID: 8918727620135728284, guid: 0790612681c2bdb4ebaf1c9edc7537c7,
        type: 3}
      propertyPath: m_LocalEulerAnglesHint.z
      value: 89.99899
      objectReference: {fileID: 0}
    - target: {fileID: 6607803648518044488, guid: 0790612681c2bdb4ebaf1c9edc7537c7,
        type: 3}
      propertyPath: m_RootOrder
      value: 9
      objectReference: {fileID: 0}
    - target: {fileID: 6029453800741540717, guid: 0790612681c2bdb4ebaf1c9edc7537c7,
        type: 3}
      propertyPath: m_Size.x
      value: 3.309871
      objectReference: {fileID: 0}
    - target: {fileID: 6029453800741540717, guid: 0790612681c2bdb4ebaf1c9edc7537c7,
        type: 3}
      propertyPath: m_Center.x
      value: -0.1549355
      objectReference: {fileID: 0}
    - target: {fileID: 6029453800741540717, guid: 0790612681c2bdb4ebaf1c9edc7537c7,
        type: 3}
      propertyPath: m_Center.z
      value: 4.5687873e-15
      objectReference: {fileID: 0}
    - target: {fileID: 5819897478129071966, guid: 0790612681c2bdb4ebaf1c9edc7537c7,
        type: 3}
      propertyPath: m_LocalPosition.x
      value: -0.25
      objectReference: {fileID: 0}
    - target: {fileID: 5819897478129071966, guid: 0790612681c2bdb4ebaf1c9edc7537c7,
        type: 3}
      propertyPath: m_LocalPosition.y
      value: 4.376
      objectReference: {fileID: 0}
    - target: {fileID: 5819897478129071966, guid: 0790612681c2bdb4ebaf1c9edc7537c7,
        type: 3}
      propertyPath: m_LocalPosition.z
      value: -0
      objectReference: {fileID: 0}
    - target: {fileID: 7348729723510028071, guid: 0790612681c2bdb4ebaf1c9edc7537c7,
        type: 3}
      propertyPath: m_IsActive
      value: 0
      objectReference: {fileID: 0}
    - target: {fileID: 5386927446438730397, guid: 0790612681c2bdb4ebaf1c9edc7537c7,
        type: 3}
      propertyPath: m_Enabled
      value: 0
      objectReference: {fileID: 0}
    - target: {fileID: 8696468330959282344, guid: 0790612681c2bdb4ebaf1c9edc7537c7,
        type: 3}
      propertyPath: m_BoundingSphereOverride.x
      value: 0
      objectReference: {fileID: 0}
    - target: {fileID: 8696468330959282344, guid: 0790612681c2bdb4ebaf1c9edc7537c7,
        type: 3}
      propertyPath: m_BoundingSphereOverride.z
      value: 0
      objectReference: {fileID: 0}
    - target: {fileID: 8696468330959282344, guid: 0790612681c2bdb4ebaf1c9edc7537c7,
        type: 3}
      propertyPath: m_BoundingSphereOverride.w
      value: 4e-45
      objectReference: {fileID: 0}
    - target: {fileID: 8696468330959282344, guid: 0790612681c2bdb4ebaf1c9edc7537c7,
        type: 3}
      propertyPath: m_Intensity
      value: 3
      objectReference: {fileID: 0}
    - target: {fileID: 8696468330959282344, guid: 0790612681c2bdb4ebaf1c9edc7537c7,
        type: 3}
      propertyPath: m_Range
      value: 15
      objectReference: {fileID: 0}
    - target: {fileID: 3582005783790192146, guid: 0790612681c2bdb4ebaf1c9edc7537c7,
        type: 3}
      propertyPath: m_Materials.Array.data[1]
      value: 
      objectReference: {fileID: 8746639711733936933, guid: 28e9ae6a0827aba40b69fd09bc3d4b7f,
        type: 3}
    m_RemovedComponents: []
  m_SourcePrefab: {fileID: 100100000, guid: 0790612681c2bdb4ebaf1c9edc7537c7, type: 3}
--- !u!4 &4782571448457148051 stripped
Transform:
  m_CorrespondingSourceObject: {fileID: 6033139452177239321, guid: 0790612681c2bdb4ebaf1c9edc7537c7,
    type: 3}
  m_PrefabInstance: {fileID: 1289471199283116938}
  m_PrefabAsset: {fileID: 0}
--- !u!1001 &1537349744413841265
PrefabInstance:
  m_ObjectHideFlags: 0
  serializedVersion: 2
  m_Modification:
    m_TransformParent: {fileID: 4927498799954342990}
    m_Modifications:
    - target: {fileID: 1083196590453424, guid: e30845de42f85204da45b4a479bf42df, type: 3}
      propertyPath: m_Name
      value: SM_Env_Rubble_Pebbles_01
      objectReference: {fileID: 0}
    - target: {fileID: 1083196590453424, guid: e30845de42f85204da45b4a479bf42df, type: 3}
      propertyPath: m_StaticEditorFlags
      value: 4294967295
      objectReference: {fileID: 0}
    - target: {fileID: 4228778088349648, guid: e30845de42f85204da45b4a479bf42df, type: 3}
      propertyPath: m_LocalPosition.x
      value: -0.07130008
      objectReference: {fileID: 0}
    - target: {fileID: 4228778088349648, guid: e30845de42f85204da45b4a479bf42df, type: 3}
      propertyPath: m_LocalPosition.y
      value: 0.04665882
      objectReference: {fileID: 0}
    - target: {fileID: 4228778088349648, guid: e30845de42f85204da45b4a479bf42df, type: 3}
      propertyPath: m_LocalPosition.z
      value: 0.82066965
      objectReference: {fileID: 0}
    - target: {fileID: 4228778088349648, guid: e30845de42f85204da45b4a479bf42df, type: 3}
      propertyPath: m_LocalRotation.x
      value: -0
      objectReference: {fileID: 0}
    - target: {fileID: 4228778088349648, guid: e30845de42f85204da45b4a479bf42df, type: 3}
      propertyPath: m_LocalRotation.y
      value: 0.00007994472
      objectReference: {fileID: 0}
    - target: {fileID: 4228778088349648, guid: e30845de42f85204da45b4a479bf42df, type: 3}
      propertyPath: m_LocalRotation.z
      value: -0
      objectReference: {fileID: 0}
    - target: {fileID: 4228778088349648, guid: e30845de42f85204da45b4a479bf42df, type: 3}
      propertyPath: m_LocalRotation.w
      value: 1
      objectReference: {fileID: 0}
    - target: {fileID: 4228778088349648, guid: e30845de42f85204da45b4a479bf42df, type: 3}
      propertyPath: m_RootOrder
      value: 4
      objectReference: {fileID: 0}
    - target: {fileID: 4228778088349648, guid: e30845de42f85204da45b4a479bf42df, type: 3}
      propertyPath: m_LocalEulerAnglesHint.x
      value: 0
      objectReference: {fileID: 0}
    - target: {fileID: 4228778088349648, guid: e30845de42f85204da45b4a479bf42df, type: 3}
      propertyPath: m_LocalEulerAnglesHint.y
      value: 0.009000001
      objectReference: {fileID: 0}
    - target: {fileID: 4228778088349648, guid: e30845de42f85204da45b4a479bf42df, type: 3}
      propertyPath: m_LocalEulerAnglesHint.z
      value: 0
      objectReference: {fileID: 0}
    - target: {fileID: 4228778088349648, guid: e30845de42f85204da45b4a479bf42df, type: 3}
      propertyPath: m_LocalScale.x
      value: 0.8742873
      objectReference: {fileID: 0}
    - target: {fileID: 4228778088349648, guid: e30845de42f85204da45b4a479bf42df, type: 3}
      propertyPath: m_LocalScale.y
      value: 0.8742871
      objectReference: {fileID: 0}
    - target: {fileID: 4228778088349648, guid: e30845de42f85204da45b4a479bf42df, type: 3}
      propertyPath: m_LocalScale.z
      value: 0.8742873
      objectReference: {fileID: 0}
    - target: {fileID: 23433303717037184, guid: e30845de42f85204da45b4a479bf42df,
        type: 3}
      propertyPath: m_Materials.Array.data[0]
      value: 
      objectReference: {fileID: 2100000, guid: e476526443de63d479694f842510e796, type: 2}
    m_RemovedComponents: []
  m_SourcePrefab: {fileID: 100100000, guid: e30845de42f85204da45b4a479bf42df, type: 3}
--- !u!4 &1538759374579247265 stripped
Transform:
  m_CorrespondingSourceObject: {fileID: 4228778088349648, guid: e30845de42f85204da45b4a479bf42df,
    type: 3}
  m_PrefabInstance: {fileID: 1537349744413841265}
  m_PrefabAsset: {fileID: 0}
--- !u!1001 &1652526999711980244
PrefabInstance:
  m_ObjectHideFlags: 0
  serializedVersion: 2
  m_Modification:
    m_TransformParent: {fileID: 4927498799954342990}
    m_Modifications:
    - target: {fileID: 4462190286566460, guid: 47943db42d2ef3a4894c863802dc72fc, type: 3}
      propertyPath: m_LocalPosition.x
      value: -1.9655415
      objectReference: {fileID: 0}
    - target: {fileID: 4462190286566460, guid: 47943db42d2ef3a4894c863802dc72fc, type: 3}
      propertyPath: m_LocalPosition.y
      value: 0.008077125
      objectReference: {fileID: 0}
    - target: {fileID: 4462190286566460, guid: 47943db42d2ef3a4894c863802dc72fc, type: 3}
      propertyPath: m_LocalPosition.z
      value: -2.271332
      objectReference: {fileID: 0}
    - target: {fileID: 4462190286566460, guid: 47943db42d2ef3a4894c863802dc72fc, type: 3}
      propertyPath: m_LocalRotation.x
      value: -0
      objectReference: {fileID: 0}
    - target: {fileID: 4462190286566460, guid: 47943db42d2ef3a4894c863802dc72fc, type: 3}
      propertyPath: m_LocalRotation.y
      value: 0.00007994472
      objectReference: {fileID: 0}
    - target: {fileID: 4462190286566460, guid: 47943db42d2ef3a4894c863802dc72fc, type: 3}
      propertyPath: m_LocalRotation.z
      value: -0
      objectReference: {fileID: 0}
    - target: {fileID: 4462190286566460, guid: 47943db42d2ef3a4894c863802dc72fc, type: 3}
      propertyPath: m_LocalRotation.w
      value: 1
      objectReference: {fileID: 0}
    - target: {fileID: 4462190286566460, guid: 47943db42d2ef3a4894c863802dc72fc, type: 3}
      propertyPath: m_RootOrder
      value: 5
      objectReference: {fileID: 0}
    - target: {fileID: 4462190286566460, guid: 47943db42d2ef3a4894c863802dc72fc, type: 3}
      propertyPath: m_LocalEulerAnglesHint.x
      value: 0
      objectReference: {fileID: 0}
    - target: {fileID: 4462190286566460, guid: 47943db42d2ef3a4894c863802dc72fc, type: 3}
      propertyPath: m_LocalEulerAnglesHint.y
      value: 0.009000001
      objectReference: {fileID: 0}
    - target: {fileID: 4462190286566460, guid: 47943db42d2ef3a4894c863802dc72fc, type: 3}
      propertyPath: m_LocalEulerAnglesHint.z
      value: 0
      objectReference: {fileID: 0}
    - target: {fileID: 4462190286566460, guid: 47943db42d2ef3a4894c863802dc72fc, type: 3}
      propertyPath: m_LocalScale.x
      value: 0.7466198
      objectReference: {fileID: 0}
    - target: {fileID: 4462190286566460, guid: 47943db42d2ef3a4894c863802dc72fc, type: 3}
      propertyPath: m_LocalScale.y
      value: 0.7466197
      objectReference: {fileID: 0}
    - target: {fileID: 4462190286566460, guid: 47943db42d2ef3a4894c863802dc72fc, type: 3}
      propertyPath: m_LocalScale.z
      value: 0.7466198
      objectReference: {fileID: 0}
    - target: {fileID: 1740094851042136, guid: 47943db42d2ef3a4894c863802dc72fc, type: 3}
      propertyPath: m_Name
      value: SM_Env_Rubble_Pebbles_02
      objectReference: {fileID: 0}
    - target: {fileID: 1740094851042136, guid: 47943db42d2ef3a4894c863802dc72fc, type: 3}
      propertyPath: m_StaticEditorFlags
      value: 4294967295
      objectReference: {fileID: 0}
    m_RemovedComponents: []
  m_SourcePrefab: {fileID: 100100000, guid: 47943db42d2ef3a4894c863802dc72fc, type: 3}
--- !u!4 &1648650453998661352 stripped
Transform:
  m_CorrespondingSourceObject: {fileID: 4462190286566460, guid: 47943db42d2ef3a4894c863802dc72fc,
    type: 3}
  m_PrefabInstance: {fileID: 1652526999711980244}
  m_PrefabAsset: {fileID: 0}
--- !u!1001 &3264765732374979489
PrefabInstance:
  m_ObjectHideFlags: 0
  serializedVersion: 2
  m_Modification:
    m_TransformParent: {fileID: 4927498799954342990}
    m_Modifications:
    - target: {fileID: 1083196590453424, guid: e30845de42f85204da45b4a479bf42df, type: 3}
      propertyPath: m_Name
      value: SM_Env_Rubble_Pebbles_01 (2)
      objectReference: {fileID: 0}
    - target: {fileID: 1083196590453424, guid: e30845de42f85204da45b4a479bf42df, type: 3}
      propertyPath: m_StaticEditorFlags
      value: 4294967295
      objectReference: {fileID: 0}
    - target: {fileID: 4228778088349648, guid: e30845de42f85204da45b4a479bf42df, type: 3}
      propertyPath: m_LocalPosition.x
      value: 1.501473
      objectReference: {fileID: 0}
    - target: {fileID: 4228778088349648, guid: e30845de42f85204da45b4a479bf42df, type: 3}
      propertyPath: m_LocalPosition.y
      value: 0.028023023
      objectReference: {fileID: 0}
    - target: {fileID: 4228778088349648, guid: e30845de42f85204da45b4a479bf42df, type: 3}
      propertyPath: m_LocalPosition.z
      value: 3.4228756
      objectReference: {fileID: 0}
    - target: {fileID: 4228778088349648, guid: e30845de42f85204da45b4a479bf42df, type: 3}
      propertyPath: m_LocalRotation.x
      value: -0
      objectReference: {fileID: 0}
    - target: {fileID: 4228778088349648, guid: e30845de42f85204da45b4a479bf42df, type: 3}
      propertyPath: m_LocalRotation.y
      value: 0.00007994472
      objectReference: {fileID: 0}
    - target: {fileID: 4228778088349648, guid: e30845de42f85204da45b4a479bf42df, type: 3}
      propertyPath: m_LocalRotation.z
      value: -0
      objectReference: {fileID: 0}
    - target: {fileID: 4228778088349648, guid: e30845de42f85204da45b4a479bf42df, type: 3}
      propertyPath: m_LocalRotation.w
      value: 1
      objectReference: {fileID: 0}
    - target: {fileID: 4228778088349648, guid: e30845de42f85204da45b4a479bf42df, type: 3}
      propertyPath: m_RootOrder
      value: 8
      objectReference: {fileID: 0}
    - target: {fileID: 4228778088349648, guid: e30845de42f85204da45b4a479bf42df, type: 3}
      propertyPath: m_LocalEulerAnglesHint.x
      value: 0
      objectReference: {fileID: 0}
    - target: {fileID: 4228778088349648, guid: e30845de42f85204da45b4a479bf42df, type: 3}
      propertyPath: m_LocalEulerAnglesHint.y
      value: 0.009000001
      objectReference: {fileID: 0}
    - target: {fileID: 4228778088349648, guid: e30845de42f85204da45b4a479bf42df, type: 3}
      propertyPath: m_LocalEulerAnglesHint.z
      value: 0
      objectReference: {fileID: 0}
    - target: {fileID: 4228778088349648, guid: e30845de42f85204da45b4a479bf42df, type: 3}
      propertyPath: m_LocalScale.x
      value: 1.3709977
      objectReference: {fileID: 0}
    - target: {fileID: 4228778088349648, guid: e30845de42f85204da45b4a479bf42df, type: 3}
      propertyPath: m_LocalScale.y
      value: 1.3709974
      objectReference: {fileID: 0}
    - target: {fileID: 4228778088349648, guid: e30845de42f85204da45b4a479bf42df, type: 3}
      propertyPath: m_LocalScale.z
      value: 1.3709977
      objectReference: {fileID: 0}
    m_RemovedComponents: []
  m_SourcePrefab: {fileID: 100100000, guid: e30845de42f85204da45b4a479bf42df, type: 3}
--- !u!4 &3261100016137018481 stripped
Transform:
  m_CorrespondingSourceObject: {fileID: 4228778088349648, guid: e30845de42f85204da45b4a479bf42df,
    type: 3}
  m_PrefabInstance: {fileID: 3264765732374979489}
  m_PrefabAsset: {fileID: 0}
--- !u!1001 &3919457496286115449
PrefabInstance:
  m_ObjectHideFlags: 0
  serializedVersion: 2
  m_Modification:
    m_TransformParent: {fileID: 4927498799954342990}
    m_Modifications:
    - target: {fileID: 1732371110765134, guid: 341c16b8b2b729d4badae2d5771a931c, type: 3}
      propertyPath: m_Name
      value: SM_Env_Small_Rocks_02
      objectReference: {fileID: 0}
    - target: {fileID: 1732371110765134, guid: 341c16b8b2b729d4badae2d5771a931c, type: 3}
      propertyPath: m_StaticEditorFlags
      value: 4294967295
      objectReference: {fileID: 0}
    - target: {fileID: 4126662798383240, guid: 341c16b8b2b729d4badae2d5771a931c, type: 3}
      propertyPath: m_LocalPosition.x
      value: 1.195175
      objectReference: {fileID: 0}
    - target: {fileID: 4126662798383240, guid: 341c16b8b2b729d4badae2d5771a931c, type: 3}
      propertyPath: m_LocalPosition.y
      value: -0.010902805
      objectReference: {fileID: 0}
    - target: {fileID: 4126662798383240, guid: 341c16b8b2b729d4badae2d5771a931c, type: 3}
      propertyPath: m_LocalPosition.z
      value: -3.601884
      objectReference: {fileID: 0}
    - target: {fileID: 4126662798383240, guid: 341c16b8b2b729d4badae2d5771a931c, type: 3}
      propertyPath: m_LocalRotation.x
      value: -0
      objectReference: {fileID: 0}
    - target: {fileID: 4126662798383240, guid: 341c16b8b2b729d4badae2d5771a931c, type: 3}
      propertyPath: m_LocalRotation.y
      value: 0.00007994472
      objectReference: {fileID: 0}
    - target: {fileID: 4126662798383240, guid: 341c16b8b2b729d4badae2d5771a931c, type: 3}
      propertyPath: m_LocalRotation.z
      value: -0
      objectReference: {fileID: 0}
    - target: {fileID: 4126662798383240, guid: 341c16b8b2b729d4badae2d5771a931c, type: 3}
      propertyPath: m_LocalRotation.w
      value: 1
      objectReference: {fileID: 0}
    - target: {fileID: 4126662798383240, guid: 341c16b8b2b729d4badae2d5771a931c, type: 3}
      propertyPath: m_RootOrder
      value: 14
      objectReference: {fileID: 0}
    - target: {fileID: 4126662798383240, guid: 341c16b8b2b729d4badae2d5771a931c, type: 3}
      propertyPath: m_LocalEulerAnglesHint.x
      value: 0
      objectReference: {fileID: 0}
    - target: {fileID: 4126662798383240, guid: 341c16b8b2b729d4badae2d5771a931c, type: 3}
      propertyPath: m_LocalEulerAnglesHint.y
      value: 0.009000001
      objectReference: {fileID: 0}
    - target: {fileID: 4126662798383240, guid: 341c16b8b2b729d4badae2d5771a931c, type: 3}
      propertyPath: m_LocalEulerAnglesHint.z
      value: 0
      objectReference: {fileID: 0}
    - target: {fileID: 4126662798383240, guid: 341c16b8b2b729d4badae2d5771a931c, type: 3}
      propertyPath: m_LocalScale.x
      value: 1.6827459
      objectReference: {fileID: 0}
    - target: {fileID: 4126662798383240, guid: 341c16b8b2b729d4badae2d5771a931c, type: 3}
      propertyPath: m_LocalScale.y
      value: 1.6827455
      objectReference: {fileID: 0}
    - target: {fileID: 4126662798383240, guid: 341c16b8b2b729d4badae2d5771a931c, type: 3}
      propertyPath: m_LocalScale.z
      value: 1.6827459
      objectReference: {fileID: 0}
    - target: {fileID: 23501089773095872, guid: 341c16b8b2b729d4badae2d5771a931c,
        type: 3}
      propertyPath: m_Materials.Array.data[0]
      value: 
      objectReference: {fileID: 2100000, guid: e476526443de63d479694f842510e796, type: 2}
    m_RemovedComponents: []
  m_SourcePrefab: {fileID: 100100000, guid: 341c16b8b2b729d4badae2d5771a931c, type: 3}
--- !u!4 &3920978303570456305 stripped
Transform:
  m_CorrespondingSourceObject: {fileID: 4126662798383240, guid: 341c16b8b2b729d4badae2d5771a931c,
    type: 3}
  m_PrefabInstance: {fileID: 3919457496286115449}
  m_PrefabAsset: {fileID: 0}
--- !u!1001 &3921760777151886086
PrefabInstance:
  m_ObjectHideFlags: 0
  serializedVersion: 2
  m_Modification:
    m_TransformParent: {fileID: 6371603285934933020}
    m_Modifications:
    - target: {fileID: 400000, guid: 29a3154eebbe5d2479107c86ad37fba9, type: 3}
      propertyPath: m_LocalPosition.x
      value: 4.1780133
      objectReference: {fileID: 0}
    - target: {fileID: 400000, guid: 29a3154eebbe5d2479107c86ad37fba9, type: 3}
      propertyPath: m_LocalPosition.y
      value: -0.9199998
      objectReference: {fileID: 0}
    - target: {fileID: 400000, guid: 29a3154eebbe5d2479107c86ad37fba9, type: 3}
      propertyPath: m_LocalPosition.z
      value: -7.7038045
      objectReference: {fileID: 0}
    - target: {fileID: 400000, guid: 29a3154eebbe5d2479107c86ad37fba9, type: 3}
      propertyPath: m_LocalRotation.x
      value: -0.6657624
      objectReference: {fileID: 0}
    - target: {fileID: 400000, guid: 29a3154eebbe5d2479107c86ad37fba9, type: 3}
      propertyPath: m_LocalRotation.y
      value: -0.23824412
      objectReference: {fileID: 0}
    - target: {fileID: 400000, guid: 29a3154eebbe5d2479107c86ad37fba9, type: 3}
      propertyPath: m_LocalRotation.z
      value: -0.23824379
      objectReference: {fileID: 0}
    - target: {fileID: 400000, guid: 29a3154eebbe5d2479107c86ad37fba9, type: 3}
      propertyPath: m_LocalRotation.w
      value: 0.66576284
      objectReference: {fileID: 0}
    - target: {fileID: 400000, guid: 29a3154eebbe5d2479107c86ad37fba9, type: 3}
      propertyPath: m_RootOrder
      value: 0
      objectReference: {fileID: 0}
    - target: {fileID: 400000, guid: 29a3154eebbe5d2479107c86ad37fba9, type: 3}
      propertyPath: m_LocalEulerAnglesHint.x
      value: -90.00001
      objectReference: {fileID: 0}
    - target: {fileID: 400000, guid: 29a3154eebbe5d2479107c86ad37fba9, type: 3}
      propertyPath: m_LocalEulerAnglesHint.y
      value: 0
      objectReference: {fileID: 0}
    - target: {fileID: 400000, guid: 29a3154eebbe5d2479107c86ad37fba9, type: 3}
      propertyPath: m_LocalEulerAnglesHint.z
      value: -39.38
      objectReference: {fileID: 0}
    - target: {fileID: 400000, guid: 29a3154eebbe5d2479107c86ad37fba9, type: 3}
      propertyPath: m_LocalScale.x
      value: 0.90142405
      objectReference: {fileID: 0}
    - target: {fileID: 400000, guid: 29a3154eebbe5d2479107c86ad37fba9, type: 3}
      propertyPath: m_LocalScale.y
      value: 0.5733889
      objectReference: {fileID: 0}
    - target: {fileID: 400000, guid: 29a3154eebbe5d2479107c86ad37fba9, type: 3}
      propertyPath: m_LocalScale.z
      value: 0.64392
      objectReference: {fileID: 0}
    - target: {fileID: 100000, guid: 29a3154eebbe5d2479107c86ad37fba9, type: 3}
      propertyPath: m_Name
      value: Cavern_Wall_Angle-01 (7)
      objectReference: {fileID: 0}
    - target: {fileID: 100000, guid: 29a3154eebbe5d2479107c86ad37fba9, type: 3}
      propertyPath: m_NavMeshLayer
      value: 1
      objectReference: {fileID: 0}
    - target: {fileID: 100000, guid: 29a3154eebbe5d2479107c86ad37fba9, type: 3}
      propertyPath: m_StaticEditorFlags
      value: 4294967295
      objectReference: {fileID: 0}
    m_RemovedComponents: []
  m_SourcePrefab: {fileID: 100100000, guid: 29a3154eebbe5d2479107c86ad37fba9, type: 3}
--- !u!4 &3921760777152014726 stripped
Transform:
  m_CorrespondingSourceObject: {fileID: 400000, guid: 29a3154eebbe5d2479107c86ad37fba9,
    type: 3}
  m_PrefabInstance: {fileID: 3921760777151886086}
  m_PrefabAsset: {fileID: 0}
--- !u!1001 &4521247404680038966
PrefabInstance:
  m_ObjectHideFlags: 0
  serializedVersion: 2
  m_Modification:
    m_TransformParent: {fileID: 4927498799954342990}
    m_Modifications:
    - target: {fileID: 4462190286566460, guid: 47943db42d2ef3a4894c863802dc72fc, type: 3}
      propertyPath: m_LocalPosition.x
      value: -0.10530863
      objectReference: {fileID: 0}
    - target: {fileID: 4462190286566460, guid: 47943db42d2ef3a4894c863802dc72fc, type: 3}
      propertyPath: m_LocalPosition.y
      value: -0.050843645
      objectReference: {fileID: 0}
    - target: {fileID: 4462190286566460, guid: 47943db42d2ef3a4894c863802dc72fc, type: 3}
      propertyPath: m_LocalPosition.z
      value: -7.6142387
      objectReference: {fileID: 0}
    - target: {fileID: 4462190286566460, guid: 47943db42d2ef3a4894c863802dc72fc, type: 3}
      propertyPath: m_LocalRotation.x
      value: -0
      objectReference: {fileID: 0}
    - target: {fileID: 4462190286566460, guid: 47943db42d2ef3a4894c863802dc72fc, type: 3}
      propertyPath: m_LocalRotation.y
      value: 0.00007994472
      objectReference: {fileID: 0}
    - target: {fileID: 4462190286566460, guid: 47943db42d2ef3a4894c863802dc72fc, type: 3}
      propertyPath: m_LocalRotation.z
      value: -0
      objectReference: {fileID: 0}
    - target: {fileID: 4462190286566460, guid: 47943db42d2ef3a4894c863802dc72fc, type: 3}
      propertyPath: m_LocalRotation.w
      value: 1
      objectReference: {fileID: 0}
    - target: {fileID: 4462190286566460, guid: 47943db42d2ef3a4894c863802dc72fc, type: 3}
      propertyPath: m_RootOrder
      value: 7
      objectReference: {fileID: 0}
    - target: {fileID: 4462190286566460, guid: 47943db42d2ef3a4894c863802dc72fc, type: 3}
      propertyPath: m_LocalEulerAnglesHint.x
      value: 0
      objectReference: {fileID: 0}
    - target: {fileID: 4462190286566460, guid: 47943db42d2ef3a4894c863802dc72fc, type: 3}
      propertyPath: m_LocalEulerAnglesHint.y
      value: 0.009000001
      objectReference: {fileID: 0}
    - target: {fileID: 4462190286566460, guid: 47943db42d2ef3a4894c863802dc72fc, type: 3}
      propertyPath: m_LocalEulerAnglesHint.z
      value: 0
      objectReference: {fileID: 0}
    - target: {fileID: 4462190286566460, guid: 47943db42d2ef3a4894c863802dc72fc, type: 3}
      propertyPath: m_LocalScale.x
      value: 1.9156027
      objectReference: {fileID: 0}
    - target: {fileID: 4462190286566460, guid: 47943db42d2ef3a4894c863802dc72fc, type: 3}
      propertyPath: m_LocalScale.y
      value: 1.9156022
      objectReference: {fileID: 0}
    - target: {fileID: 4462190286566460, guid: 47943db42d2ef3a4894c863802dc72fc, type: 3}
      propertyPath: m_LocalScale.z
      value: 1.9156027
      objectReference: {fileID: 0}
    - target: {fileID: 1740094851042136, guid: 47943db42d2ef3a4894c863802dc72fc, type: 3}
      propertyPath: m_Name
      value: SM_Env_Rubble_Pebbles_02 (1)
      objectReference: {fileID: 0}
    - target: {fileID: 1740094851042136, guid: 47943db42d2ef3a4894c863802dc72fc, type: 3}
      propertyPath: m_StaticEditorFlags
      value: 4294967295
      objectReference: {fileID: 0}
    m_RemovedComponents: []
  m_SourcePrefab: {fileID: 100100000, guid: 47943db42d2ef3a4894c863802dc72fc, type: 3}
--- !u!4 &4517507186664881674 stripped
Transform:
  m_CorrespondingSourceObject: {fileID: 4462190286566460, guid: 47943db42d2ef3a4894c863802dc72fc,
    type: 3}
  m_PrefabInstance: {fileID: 4521247404680038966}
  m_PrefabAsset: {fileID: 0}
--- !u!1001 &4674352120625864163
PrefabInstance:
  m_ObjectHideFlags: 0
  serializedVersion: 2
  m_Modification:
    m_TransformParent: {fileID: 4927498799954342990}
    m_Modifications:
    - target: {fileID: 1845621390574798, guid: 98b2bad83dd177640bc185eaebb9e67c, type: 3}
      propertyPath: m_Name
      value: CrystalShard_A
      objectReference: {fileID: 0}
    - target: {fileID: 1845621390574798, guid: 98b2bad83dd177640bc185eaebb9e67c, type: 3}
      propertyPath: m_StaticEditorFlags
      value: 4294967295
      objectReference: {fileID: 0}
    - target: {fileID: 4299509010673442, guid: 98b2bad83dd177640bc185eaebb9e67c, type: 3}
      propertyPath: m_LocalPosition.x
      value: -3.9128609
      objectReference: {fileID: 0}
    - target: {fileID: 4299509010673442, guid: 98b2bad83dd177640bc185eaebb9e67c, type: 3}
      propertyPath: m_LocalPosition.y
      value: 1.5824196
      objectReference: {fileID: 0}
    - target: {fileID: 4299509010673442, guid: 98b2bad83dd177640bc185eaebb9e67c, type: 3}
      propertyPath: m_LocalPosition.z
      value: -3.8341427
      objectReference: {fileID: 0}
    - target: {fileID: 4299509010673442, guid: 98b2bad83dd177640bc185eaebb9e67c, type: 3}
      propertyPath: m_LocalRotation.x
      value: 0.0000000028545268
      objectReference: {fileID: 0}
    - target: {fileID: 4299509010673442, guid: 98b2bad83dd177640bc185eaebb9e67c, type: 3}
      propertyPath: m_LocalRotation.y
      value: -0.9914341
      objectReference: {fileID: 0}
    - target: {fileID: 4299509010673442, guid: 98b2bad83dd177640bc185eaebb9e67c, type: 3}
      propertyPath: m_LocalRotation.z
      value: 0.000000021668482
      objectReference: {fileID: 0}
    - target: {fileID: 4299509010673442, guid: 98b2bad83dd177640bc185eaebb9e67c, type: 3}
      propertyPath: m_LocalRotation.w
      value: 0.13060825
      objectReference: {fileID: 0}
    - target: {fileID: 4299509010673442, guid: 98b2bad83dd177640bc185eaebb9e67c, type: 3}
      propertyPath: m_RootOrder
      value: 12
      objectReference: {fileID: 0}
    - target: {fileID: 4299509010673442, guid: 98b2bad83dd177640bc185eaebb9e67c, type: 3}
      propertyPath: m_LocalEulerAnglesHint.x
      value: 0
      objectReference: {fileID: 0}
    - target: {fileID: 4299509010673442, guid: 98b2bad83dd177640bc185eaebb9e67c, type: 3}
      propertyPath: m_LocalEulerAnglesHint.y
      value: -164.99
      objectReference: {fileID: 0}
    - target: {fileID: 4299509010673442, guid: 98b2bad83dd177640bc185eaebb9e67c, type: 3}
      propertyPath: m_LocalEulerAnglesHint.z
      value: 0
      objectReference: {fileID: 0}
    - target: {fileID: 4299509010673442, guid: 98b2bad83dd177640bc185eaebb9e67c, type: 3}
      propertyPath: m_LocalScale.x
      value: 0.87371963
      objectReference: {fileID: 0}
    - target: {fileID: 4299509010673442, guid: 98b2bad83dd177640bc185eaebb9e67c, type: 3}
      propertyPath: m_LocalScale.y
      value: 1.2599022
      objectReference: {fileID: 0}
    - target: {fileID: 4299509010673442, guid: 98b2bad83dd177640bc185eaebb9e67c, type: 3}
      propertyPath: m_LocalScale.z
      value: 0.87371963
      objectReference: {fileID: 0}
    - target: {fileID: 1428735908735722, guid: 98b2bad83dd177640bc185eaebb9e67c, type: 3}
      propertyPath: m_StaticEditorFlags
      value: 4294967295
      objectReference: {fileID: 0}
    - target: {fileID: 23078133916638540, guid: 98b2bad83dd177640bc185eaebb9e67c,
        type: 3}
      propertyPath: m_Materials.Array.data[0]
      value: 
      objectReference: {fileID: 2100000, guid: e476526443de63d479694f842510e796, type: 2}
    - target: {fileID: 136324823365070416, guid: 98b2bad83dd177640bc185eaebb9e67c,
        type: 3}
      propertyPath: m_Enabled
      value: 0
      objectReference: {fileID: 0}
    m_RemovedComponents: []
  m_SourcePrefab: {fileID: 100100000, guid: 98b2bad83dd177640bc185eaebb9e67c, type: 3}
--- !u!4 &4670765104377475777 stripped
Transform:
  m_CorrespondingSourceObject: {fileID: 4299509010673442, guid: 98b2bad83dd177640bc185eaebb9e67c,
    type: 3}
  m_PrefabInstance: {fileID: 4674352120625864163}
  m_PrefabAsset: {fileID: 0}
--- !u!1001 &4928653262151051109
PrefabInstance:
  m_ObjectHideFlags: 0
  serializedVersion: 2
  m_Modification:
    m_TransformParent: {fileID: 4927498799954342990}
    m_Modifications:
    - target: {fileID: 1083196590453424, guid: e30845de42f85204da45b4a479bf42df, type: 3}
      propertyPath: m_Name
      value: SM_Env_Rubble_Pebbles_01 (1)
      objectReference: {fileID: 0}
    - target: {fileID: 1083196590453424, guid: e30845de42f85204da45b4a479bf42df, type: 3}
      propertyPath: m_StaticEditorFlags
      value: 4294967295
      objectReference: {fileID: 0}
    - target: {fileID: 4228778088349648, guid: e30845de42f85204da45b4a479bf42df, type: 3}
      propertyPath: m_LocalPosition.x
      value: 0.07553658
      objectReference: {fileID: 0}
    - target: {fileID: 4228778088349648, guid: e30845de42f85204da45b4a479bf42df, type: 3}
      propertyPath: m_LocalPosition.y
      value: 0.052698508
      objectReference: {fileID: 0}
    - target: {fileID: 4228778088349648, guid: e30845de42f85204da45b4a479bf42df, type: 3}
      propertyPath: m_LocalPosition.z
      value: -7.636874
      objectReference: {fileID: 0}
    - target: {fileID: 4228778088349648, guid: e30845de42f85204da45b4a479bf42df, type: 3}
      propertyPath: m_LocalRotation.x
      value: -0
      objectReference: {fileID: 0}
    - target: {fileID: 4228778088349648, guid: e30845de42f85204da45b4a479bf42df, type: 3}
      propertyPath: m_LocalRotation.y
      value: -0.15361771
      objectReference: {fileID: 0}
    - target: {fileID: 4228778088349648, guid: e30845de42f85204da45b4a479bf42df, type: 3}
      propertyPath: m_LocalRotation.z
      value: -0
      objectReference: {fileID: 0}
    - target: {fileID: 4228778088349648, guid: e30845de42f85204da45b4a479bf42df, type: 3}
      propertyPath: m_LocalRotation.w
      value: 0.9881304
      objectReference: {fileID: 0}
    - target: {fileID: 4228778088349648, guid: e30845de42f85204da45b4a479bf42df, type: 3}
      propertyPath: m_RootOrder
      value: 6
      objectReference: {fileID: 0}
    - target: {fileID: 4228778088349648, guid: e30845de42f85204da45b4a479bf42df, type: 3}
      propertyPath: m_LocalEulerAnglesHint.x
      value: 0
      objectReference: {fileID: 0}
    - target: {fileID: 4228778088349648, guid: e30845de42f85204da45b4a479bf42df, type: 3}
      propertyPath: m_LocalEulerAnglesHint.y
      value: -17.673
      objectReference: {fileID: 0}
    - target: {fileID: 4228778088349648, guid: e30845de42f85204da45b4a479bf42df, type: 3}
      propertyPath: m_LocalEulerAnglesHint.z
      value: 0
      objectReference: {fileID: 0}
    - target: {fileID: 4228778088349648, guid: e30845de42f85204da45b4a479bf42df, type: 3}
      propertyPath: m_LocalScale.x
      value: 0.7132959
      objectReference: {fileID: 0}
    - target: {fileID: 4228778088349648, guid: e30845de42f85204da45b4a479bf42df, type: 3}
      propertyPath: m_LocalScale.y
      value: 0.7132958
      objectReference: {fileID: 0}
    - target: {fileID: 4228778088349648, guid: e30845de42f85204da45b4a479bf42df, type: 3}
      propertyPath: m_LocalScale.z
      value: 0.7132959
      objectReference: {fileID: 0}
    - target: {fileID: 23433303717037184, guid: e30845de42f85204da45b4a479bf42df,
        type: 3}
      propertyPath: m_Materials.Array.data[0]
      value: 
      objectReference: {fileID: 2100000, guid: e476526443de63d479694f842510e796, type: 2}
    m_RemovedComponents: []
  m_SourcePrefab: {fileID: 100100000, guid: e30845de42f85204da45b4a479bf42df, type: 3}
--- !u!4 &4929504296512215221 stripped
Transform:
  m_CorrespondingSourceObject: {fileID: 4228778088349648, guid: e30845de42f85204da45b4a479bf42df,
    type: 3}
  m_PrefabInstance: {fileID: 4928653262151051109}
  m_PrefabAsset: {fileID: 0}
--- !u!1001 &6493414488762454086
PrefabInstance:
  m_ObjectHideFlags: 0
  serializedVersion: 2
  m_Modification:
    m_TransformParent: {fileID: 4927498799954342990}
    m_Modifications:
    - target: {fileID: 4000013114489286, guid: d262c56e2445a294ab18a6ec4354f104, type: 3}
      propertyPath: m_LocalPosition.x
      value: 3.3374872
      objectReference: {fileID: 0}
    - target: {fileID: 4000013114489286, guid: d262c56e2445a294ab18a6ec4354f104, type: 3}
      propertyPath: m_LocalPosition.y
      value: -0.85902804
      objectReference: {fileID: 0}
    - target: {fileID: 4000013114489286, guid: d262c56e2445a294ab18a6ec4354f104, type: 3}
      propertyPath: m_LocalPosition.z
      value: -1.1155666
      objectReference: {fileID: 0}
    - target: {fileID: 4000013114489286, guid: d262c56e2445a294ab18a6ec4354f104, type: 3}
      propertyPath: m_LocalRotation.x
      value: -0
      objectReference: {fileID: 0}
    - target: {fileID: 4000013114489286, guid: d262c56e2445a294ab18a6ec4354f104, type: 3}
      propertyPath: m_LocalRotation.y
      value: 0.96594596
      objectReference: {fileID: 0}
    - target: {fileID: 4000013114489286, guid: d262c56e2445a294ab18a6ec4354f104, type: 3}
      propertyPath: m_LocalRotation.z
      value: -0
      objectReference: {fileID: 0}
    - target: {fileID: 4000013114489286, guid: d262c56e2445a294ab18a6ec4354f104, type: 3}
      propertyPath: m_LocalRotation.w
      value: 0.2587442
      objectReference: {fileID: 0}
    - target: {fileID: 4000013114489286, guid: d262c56e2445a294ab18a6ec4354f104, type: 3}
      propertyPath: m_RootOrder
      value: 9
      objectReference: {fileID: 0}
    - target: {fileID: 4000013114489286, guid: d262c56e2445a294ab18a6ec4354f104, type: 3}
      propertyPath: m_LocalEulerAnglesHint.x
      value: 0
      objectReference: {fileID: 0}
    - target: {fileID: 4000013114489286, guid: d262c56e2445a294ab18a6ec4354f104, type: 3}
      propertyPath: m_LocalEulerAnglesHint.y
      value: 150.009
      objectReference: {fileID: 0}
    - target: {fileID: 4000013114489286, guid: d262c56e2445a294ab18a6ec4354f104, type: 3}
      propertyPath: m_LocalEulerAnglesHint.z
      value: 0
      objectReference: {fileID: 0}
    - target: {fileID: 4000013114489286, guid: d262c56e2445a294ab18a6ec4354f104, type: 3}
      propertyPath: m_LocalScale.x
      value: 6.728627
      objectReference: {fileID: 0}
    - target: {fileID: 4000013114489286, guid: d262c56e2445a294ab18a6ec4354f104, type: 3}
      propertyPath: m_LocalScale.y
      value: 6.1063848
      objectReference: {fileID: 0}
    - target: {fileID: 4000013114489286, guid: d262c56e2445a294ab18a6ec4354f104, type: 3}
      propertyPath: m_LocalScale.z
      value: 7.4870405
      objectReference: {fileID: 0}
    - target: {fileID: 1000011205674138, guid: d262c56e2445a294ab18a6ec4354f104, type: 3}
      propertyPath: m_Name
      value: Cavern_RockSml-03
      objectReference: {fileID: 0}
    m_RemovedComponents: []
  m_SourcePrefab: {fileID: 100100000, guid: d262c56e2445a294ab18a6ec4354f104, type: 3}
--- !u!4 &6490544610417748352 stripped
Transform:
  m_CorrespondingSourceObject: {fileID: 4000013114489286, guid: d262c56e2445a294ab18a6ec4354f104,
    type: 3}
  m_PrefabInstance: {fileID: 6493414488762454086}
  m_PrefabAsset: {fileID: 0}
--- !u!1001 &7607309083247831368
PrefabInstance:
  m_ObjectHideFlags: 0
  serializedVersion: 2
  m_Modification:
    m_TransformParent: {fileID: 6371603285934933020}
    m_Modifications:
    - target: {fileID: 400000, guid: 29a3154eebbe5d2479107c86ad37fba9, type: 3}
      propertyPath: m_LocalPosition.x
      value: -3.022089
      objectReference: {fileID: 0}
    - target: {fileID: 400000, guid: 29a3154eebbe5d2479107c86ad37fba9, type: 3}
      propertyPath: m_LocalPosition.y
      value: -0.9199998
      objectReference: {fileID: 0}
    - target: {fileID: 400000, guid: 29a3154eebbe5d2479107c86ad37fba9, type: 3}
      propertyPath: m_LocalPosition.z
      value: 5.596342
      objectReference: {fileID: 0}
    - target: {fileID: 400000, guid: 29a3154eebbe5d2479107c86ad37fba9, type: 3}
      propertyPath: m_LocalRotation.x
      value: -0.20198461
      objectReference: {fileID: 0}
    - target: {fileID: 400000, guid: 29a3154eebbe5d2479107c86ad37fba9, type: 3}
      propertyPath: m_LocalRotation.y
      value: 0.67764467
      objectReference: {fileID: 0}
    - target: {fileID: 400000, guid: 29a3154eebbe5d2479107c86ad37fba9, type: 3}
      propertyPath: m_LocalRotation.z
      value: 0.67764455
      objectReference: {fileID: 0}
    - target: {fileID: 400000, guid: 29a3154eebbe5d2479107c86ad37fba9, type: 3}
      propertyPath: m_LocalRotation.w
      value: 0.2019847
      objectReference: {fileID: 0}
    - target: {fileID: 400000, guid: 29a3154eebbe5d2479107c86ad37fba9, type: 3}
      propertyPath: m_RootOrder
      value: 1
      objectReference: {fileID: 0}
    - target: {fileID: 400000, guid: 29a3154eebbe5d2479107c86ad37fba9, type: 3}
      propertyPath: m_LocalEulerAnglesHint.x
      value: -90.00001
      objectReference: {fileID: 0}
    - target: {fileID: 400000, guid: 29a3154eebbe5d2479107c86ad37fba9, type: 3}
      propertyPath: m_LocalEulerAnglesHint.y
      value: 0
      objectReference: {fileID: 0}
    - target: {fileID: 400000, guid: 29a3154eebbe5d2479107c86ad37fba9, type: 3}
      propertyPath: m_LocalEulerAnglesHint.z
      value: 146.80501
      objectReference: {fileID: 0}
    - target: {fileID: 400000, guid: 29a3154eebbe5d2479107c86ad37fba9, type: 3}
      propertyPath: m_LocalScale.x
      value: 0.8123503
      objectReference: {fileID: 0}
    - target: {fileID: 400000, guid: 29a3154eebbe5d2479107c86ad37fba9, type: 3}
      propertyPath: m_LocalScale.y
      value: 0.6697093
      objectReference: {fileID: 0}
    - target: {fileID: 400000, guid: 29a3154eebbe5d2479107c86ad37fba9, type: 3}
      propertyPath: m_LocalScale.z
      value: 0.64392024
      objectReference: {fileID: 0}
    - target: {fileID: 100000, guid: 29a3154eebbe5d2479107c86ad37fba9, type: 3}
      propertyPath: m_Name
      value: Cavern_Wall_Angle-01 (10)
      objectReference: {fileID: 0}
    - target: {fileID: 100000, guid: 29a3154eebbe5d2479107c86ad37fba9, type: 3}
      propertyPath: m_NavMeshLayer
      value: 1
      objectReference: {fileID: 0}
    - target: {fileID: 100000, guid: 29a3154eebbe5d2479107c86ad37fba9, type: 3}
      propertyPath: m_StaticEditorFlags
      value: 4294967295
      objectReference: {fileID: 0}
    m_RemovedComponents: []
  m_SourcePrefab: {fileID: 100100000, guid: 29a3154eebbe5d2479107c86ad37fba9, type: 3}
--- !u!4 &7607309083247440840 stripped
Transform:
  m_CorrespondingSourceObject: {fileID: 400000, guid: 29a3154eebbe5d2479107c86ad37fba9,
    type: 3}
  m_PrefabInstance: {fileID: 7607309083247831368}
  m_PrefabAsset: {fileID: 0}
--- !u!1001 &8488142083800727210
PrefabInstance:
  m_ObjectHideFlags: 0
  serializedVersion: 2
  m_Modification:
    m_TransformParent: {fileID: 4927498799954342990}
    m_Modifications:
    - target: {fileID: 4877872213052568, guid: 966ddfe1e3c2ff749b52901ca588e467, type: 3}
      propertyPath: m_LocalPosition.x
      value: -3.6369698
      objectReference: {fileID: 0}
    - target: {fileID: 4877872213052568, guid: 966ddfe1e3c2ff749b52901ca588e467, type: 3}
      propertyPath: m_LocalPosition.y
      value: -0.023413086
      objectReference: {fileID: 0}
    - target: {fileID: 4877872213052568, guid: 966ddfe1e3c2ff749b52901ca588e467, type: 3}
      propertyPath: m_LocalPosition.z
      value: -4.3188543
      objectReference: {fileID: 0}
    - target: {fileID: 4877872213052568, guid: 966ddfe1e3c2ff749b52901ca588e467, type: 3}
      propertyPath: m_LocalRotation.x
      value: -0
      objectReference: {fileID: 0}
    - target: {fileID: 4877872213052568, guid: 966ddfe1e3c2ff749b52901ca588e467, type: 3}
      propertyPath: m_LocalRotation.y
      value: 0.00007994472
      objectReference: {fileID: 0}
    - target: {fileID: 4877872213052568, guid: 966ddfe1e3c2ff749b52901ca588e467, type: 3}
      propertyPath: m_LocalRotation.z
      value: -0
      objectReference: {fileID: 0}
    - target: {fileID: 4877872213052568, guid: 966ddfe1e3c2ff749b52901ca588e467, type: 3}
      propertyPath: m_LocalRotation.w
      value: 1
      objectReference: {fileID: 0}
    - target: {fileID: 4877872213052568, guid: 966ddfe1e3c2ff749b52901ca588e467, type: 3}
      propertyPath: m_RootOrder
      value: 10
      objectReference: {fileID: 0}
    - target: {fileID: 4877872213052568, guid: 966ddfe1e3c2ff749b52901ca588e467, type: 3}
      propertyPath: m_LocalEulerAnglesHint.x
      value: 0
      objectReference: {fileID: 0}
    - target: {fileID: 4877872213052568, guid: 966ddfe1e3c2ff749b52901ca588e467, type: 3}
      propertyPath: m_LocalEulerAnglesHint.y
      value: 0.009000001
      objectReference: {fileID: 0}
    - target: {fileID: 4877872213052568, guid: 966ddfe1e3c2ff749b52901ca588e467, type: 3}
      propertyPath: m_LocalEulerAnglesHint.z
      value: 0
      objectReference: {fileID: 0}
    - target: {fileID: 4877872213052568, guid: 966ddfe1e3c2ff749b52901ca588e467, type: 3}
      propertyPath: m_LocalScale.x
      value: 2.2406507
      objectReference: {fileID: 0}
    - target: {fileID: 4877872213052568, guid: 966ddfe1e3c2ff749b52901ca588e467, type: 3}
      propertyPath: m_LocalScale.y
      value: 2.2406502
      objectReference: {fileID: 0}
    - target: {fileID: 4877872213052568, guid: 966ddfe1e3c2ff749b52901ca588e467, type: 3}
      propertyPath: m_LocalScale.z
      value: 2.2406507
      objectReference: {fileID: 0}
    - target: {fileID: 1083415637120010, guid: 966ddfe1e3c2ff749b52901ca588e467, type: 3}
      propertyPath: m_Name
      value: SM_Env_Small_Rocks_01
      objectReference: {fileID: 0}
    - target: {fileID: 1083415637120010, guid: 966ddfe1e3c2ff749b52901ca588e467, type: 3}
      propertyPath: m_StaticEditorFlags
      value: 4294967295
      objectReference: {fileID: 0}
    m_RemovedComponents: []
  m_SourcePrefab: {fileID: 100100000, guid: 966ddfe1e3c2ff749b52901ca588e467, type: 3}
--- !u!4 &8492280534426759730 stripped
Transform:
  m_CorrespondingSourceObject: {fileID: 4877872213052568, guid: 966ddfe1e3c2ff749b52901ca588e467,
    type: 3}
  m_PrefabInstance: {fileID: 8488142083800727210}
  m_PrefabAsset: {fileID: 0}
--- !u!1001 &8692550268106901147
PrefabInstance:
  m_ObjectHideFlags: 0
  serializedVersion: 2
  m_Modification:
    m_TransformParent: {fileID: 4927498799954342990}
    m_Modifications:
    - target: {fileID: 4000013114489286, guid: d262c56e2445a294ab18a6ec4354f104, type: 3}
      propertyPath: m_LocalPosition.x
      value: -3.902519
      objectReference: {fileID: 0}
    - target: {fileID: 4000013114489286, guid: d262c56e2445a294ab18a6ec4354f104, type: 3}
      propertyPath: m_LocalPosition.y
      value: -0.3221356
      objectReference: {fileID: 0}
    - target: {fileID: 4000013114489286, guid: d262c56e2445a294ab18a6ec4354f104, type: 3}
      propertyPath: m_LocalPosition.z
      value: -3.8723454
      objectReference: {fileID: 0}
    - target: {fileID: 4000013114489286, guid: d262c56e2445a294ab18a6ec4354f104, type: 3}
      propertyPath: m_LocalRotation.x
      value: -0
      objectReference: {fileID: 0}
    - target: {fileID: 4000013114489286, guid: d262c56e2445a294ab18a6ec4354f104, type: 3}
      propertyPath: m_LocalRotation.y
      value: 0.00007994472
      objectReference: {fileID: 0}
    - target: {fileID: 4000013114489286, guid: d262c56e2445a294ab18a6ec4354f104, type: 3}
      propertyPath: m_LocalRotation.z
      value: -0
      objectReference: {fileID: 0}
    - target: {fileID: 4000013114489286, guid: d262c56e2445a294ab18a6ec4354f104, type: 3}
      propertyPath: m_LocalRotation.w
      value: 1
      objectReference: {fileID: 0}
    - target: {fileID: 4000013114489286, guid: d262c56e2445a294ab18a6ec4354f104, type: 3}
      propertyPath: m_RootOrder
      value: 11
      objectReference: {fileID: 0}
    - target: {fileID: 4000013114489286, guid: d262c56e2445a294ab18a6ec4354f104, type: 3}
      propertyPath: m_LocalEulerAnglesHint.x
      value: 0
      objectReference: {fileID: 0}
    - target: {fileID: 4000013114489286, guid: d262c56e2445a294ab18a6ec4354f104, type: 3}
      propertyPath: m_LocalEulerAnglesHint.y
      value: 0.009000001
      objectReference: {fileID: 0}
    - target: {fileID: 4000013114489286, guid: d262c56e2445a294ab18a6ec4354f104, type: 3}
      propertyPath: m_LocalEulerAnglesHint.z
      value: 0
      objectReference: {fileID: 0}
    - target: {fileID: 4000013114489286, guid: d262c56e2445a294ab18a6ec4354f104, type: 3}
      propertyPath: m_LocalScale.x
      value: 2.8807397
      objectReference: {fileID: 0}
    - target: {fileID: 4000013114489286, guid: d262c56e2445a294ab18a6ec4354f104, type: 3}
      propertyPath: m_LocalScale.y
      value: 8.250438
      objectReference: {fileID: 0}
    - target: {fileID: 4000013114489286, guid: d262c56e2445a294ab18a6ec4354f104, type: 3}
      propertyPath: m_LocalScale.z
      value: 2.8807397
      objectReference: {fileID: 0}
    - target: {fileID: 1000011205674138, guid: d262c56e2445a294ab18a6ec4354f104, type: 3}
      propertyPath: m_Name
      value: Cavern_RockSml-03 (1)
      objectReference: {fileID: 0}
    m_RemovedComponents: []
  m_SourcePrefab: {fileID: 100100000, guid: d262c56e2445a294ab18a6ec4354f104, type: 3}
--- !u!4 &8695344309147549533 stripped
Transform:
  m_CorrespondingSourceObject: {fileID: 4000013114489286, guid: d262c56e2445a294ab18a6ec4354f104,
    type: 3}
  m_PrefabInstance: {fileID: 8692550268106901147}
  m_PrefabAsset: {fileID: 0}
