%YAML 1.1
%TAG !u! tag:unity3d.com,2011:
--- !u!1 &4116977186975078581
GameObject:
  m_ObjectHideFlags: 0
  m_CorrespondingSourceObject: {fileID: 0}
  m_PrefabInstance: {fileID: 0}
  m_PrefabAsset: {fileID: 0}
  serializedVersion: 6
  m_Component:
  - component: {fileID: 5854310565855832000}
  m_Layer: 20
  m_Name: BomberBlock_Rubble
  m_TagString: Untagged
  m_Icon: {fileID: 0}
  m_NavMeshLayer: 0
  m_StaticEditorFlags: 0
  m_IsActive: 1
--- !u!4 &5854310565855832000
Transform:
  m_ObjectHideFlags: 0
  m_CorrespondingSourceObject: {fileID: 0}
  m_PrefabInstance: {fileID: 0}
  m_PrefabAsset: {fileID: 0}
  m_GameObject: {fileID: 4116977186975078581}
  m_LocalRotation: {x: 0, y: 0, z: 0, w: 1}
  m_LocalPosition: {x: 0, y: 0.5, z: 0}
  m_LocalScale: {x: 1, y: 1, z: 1}
  m_Children:
  - {fileID: 8300878770461806536}
  - {fileID: 44746483586715912}
  - {fileID: 2292914705344456005}
  - {fileID: 4979164925801655828}
  - {fileID: 4594729486585444669}
  - {fileID: 6338015522561401638}
  - {fileID: 1834478500370357108}
  m_Father: {fileID: 0}
  m_RootOrder: 0
  m_LocalEulerAnglesHint: {x: 0, y: 0, z: 0}
--- !u!1001 &40488872348013328
PrefabInstance:
  m_ObjectHideFlags: 0
  serializedVersion: 2
  m_Modification:
    m_TransformParent: {fileID: 5854310565855832000}
    m_Modifications:
    - target: {fileID: 4821198073135640, guid: ea69caf230089fd45b16b373fef6d83f, type: 3}
      propertyPath: m_LocalPosition.x
      value: -2.568
      objectReference: {fileID: 0}
    - target: {fileID: 4821198073135640, guid: ea69caf230089fd45b16b373fef6d83f, type: 3}
      propertyPath: m_LocalPosition.y
      value: -0.968
      objectReference: {fileID: 0}
    - target: {fileID: 4821198073135640, guid: ea69caf230089fd45b16b373fef6d83f, type: 3}
      propertyPath: m_LocalPosition.z
      value: -0.020792
      objectReference: {fileID: 0}
    - target: {fileID: 4821198073135640, guid: ea69caf230089fd45b16b373fef6d83f, type: 3}
      propertyPath: m_LocalRotation.x
      value: 0
      objectReference: {fileID: 0}
    - target: {fileID: 4821198073135640, guid: ea69caf230089fd45b16b373fef6d83f, type: 3}
      propertyPath: m_LocalRotation.y
      value: -0
      objectReference: {fileID: 0}
    - target: {fileID: 4821198073135640, guid: ea69caf230089fd45b16b373fef6d83f, type: 3}
      propertyPath: m_LocalRotation.z
      value: -0
      objectReference: {fileID: 0}
    - target: {fileID: 4821198073135640, guid: ea69caf230089fd45b16b373fef6d83f, type: 3}
      propertyPath: m_LocalRotation.w
      value: 1
      objectReference: {fileID: 0}
    - target: {fileID: 4821198073135640, guid: ea69caf230089fd45b16b373fef6d83f, type: 3}
      propertyPath: m_RootOrder
      value: 1
      objectReference: {fileID: 0}
    - target: {fileID: 4821198073135640, guid: ea69caf230089fd45b16b373fef6d83f, type: 3}
      propertyPath: m_LocalEulerAnglesHint.x
      value: 0
      objectReference: {fileID: 0}
    - target: {fileID: 4821198073135640, guid: ea69caf230089fd45b16b373fef6d83f, type: 3}
      propertyPath: m_LocalEulerAnglesHint.y
      value: 0
      objectReference: {fileID: 0}
    - target: {fileID: 4821198073135640, guid: ea69caf230089fd45b16b373fef6d83f, type: 3}
      propertyPath: m_LocalEulerAnglesHint.z
      value: 0
      objectReference: {fileID: 0}
    - target: {fileID: 4821198073135640, guid: ea69caf230089fd45b16b373fef6d83f, type: 3}
      propertyPath: m_LocalScale.x
      value: 0.5605578
      objectReference: {fileID: 0}
    - target: {fileID: 4821198073135640, guid: ea69caf230089fd45b16b373fef6d83f, type: 3}
      propertyPath: m_LocalScale.y
      value: 0.4291462
      objectReference: {fileID: 0}
    - target: {fileID: 4821198073135640, guid: ea69caf230089fd45b16b373fef6d83f, type: 3}
      propertyPath: m_LocalScale.z
      value: 0.43868133
      objectReference: {fileID: 0}
    - target: {fileID: 1120343239868084, guid: ea69caf230089fd45b16b373fef6d83f, type: 3}
      propertyPath: m_Name
      value: SM_Env_Asteroid_Holes_01
      objectReference: {fileID: 0}
    - target: {fileID: 23873484062196898, guid: ea69caf230089fd45b16b373fef6d83f,
        type: 3}
      propertyPath: m_Materials.Array.data[0]
      value: 
      objectReference: {fileID: 2100000, guid: fea4c8f1440f9c14fb14fdf23f9f620d, type: 2}
    m_RemovedComponents: []
  m_SourcePrefab: {fileID: 100100000, guid: ea69caf230089fd45b16b373fef6d83f, type: 3}
--- !u!4 &44746483586715912 stripped
Transform:
  m_CorrespondingSourceObject: {fileID: 4821198073135640, guid: ea69caf230089fd45b16b373fef6d83f,
    type: 3}
  m_PrefabInstance: {fileID: 40488872348013328}
  m_PrefabAsset: {fileID: 0}
--- !u!1001 &1835892459886912676
PrefabInstance:
  m_ObjectHideFlags: 0
  serializedVersion: 2
  m_Modification:
    m_TransformParent: {fileID: 5854310565855832000}
    m_Modifications:
    - target: {fileID: 4228778088349648, guid: e30845de42f85204da45b4a479bf42df, type: 3}
      propertyPath: m_LocalPosition.x
      value: 1.6330001
      objectReference: {fileID: 0}
    - target: {fileID: 4228778088349648, guid: e30845de42f85204da45b4a479bf42df, type: 3}
      propertyPath: m_LocalPosition.y
      value: -0.529
      objectReference: {fileID: 0}
    - target: {fileID: 4228778088349648, guid: e30845de42f85204da45b4a479bf42df, type: 3}
      propertyPath: m_LocalPosition.z
      value: 0.796
      objectReference: {fileID: 0}
    - target: {fileID: 4228778088349648, guid: e30845de42f85204da45b4a479bf42df, type: 3}
      propertyPath: m_LocalRotation.x
      value: -0
      objectReference: {fileID: 0}
    - target: {fileID: 4228778088349648, guid: e30845de42f85204da45b4a479bf42df, type: 3}
      propertyPath: m_LocalRotation.y
      value: -0.86602443
      objectReference: {fileID: 0}
    - target: {fileID: 4228778088349648, guid: e30845de42f85204da45b4a479bf42df, type: 3}
      propertyPath: m_LocalRotation.z
      value: -0
      objectReference: {fileID: 0}
    - target: {fileID: 4228778088349648, guid: e30845de42f85204da45b4a479bf42df, type: 3}
      propertyPath: m_LocalRotation.w
      value: 0.5000018
      objectReference: {fileID: 0}
    - target: {fileID: 4228778088349648, guid: e30845de42f85204da45b4a479bf42df, type: 3}
      propertyPath: m_RootOrder
      value: 6
      objectReference: {fileID: 0}
    - target: {fileID: 4228778088349648, guid: e30845de42f85204da45b4a479bf42df, type: 3}
      propertyPath: m_LocalEulerAnglesHint.x
      value: 0
      objectReference: {fileID: 0}
    - target: {fileID: 4228778088349648, guid: e30845de42f85204da45b4a479bf42df, type: 3}
      propertyPath: m_LocalEulerAnglesHint.y
      value: -120.00001
      objectReference: {fileID: 0}
    - target: {fileID: 4228778088349648, guid: e30845de42f85204da45b4a479bf42df, type: 3}
      propertyPath: m_LocalEulerAnglesHint.z
      value: 0
      objectReference: {fileID: 0}
    - target: {fileID: 4228778088349648, guid: e30845de42f85204da45b4a479bf42df, type: 3}
      propertyPath: m_LocalScale.x
      value: 0.73211724
      objectReference: {fileID: 0}
    - target: {fileID: 4228778088349648, guid: e30845de42f85204da45b4a479bf42df, type: 3}
      propertyPath: m_LocalScale.y
      value: 0.73211676
      objectReference: {fileID: 0}
    - target: {fileID: 4228778088349648, guid: e30845de42f85204da45b4a479bf42df, type: 3}
      propertyPath: m_LocalScale.z
      value: 0.73211724
      objectReference: {fileID: 0}
    - target: {fileID: 1083196590453424, guid: e30845de42f85204da45b4a479bf42df, type: 3}
      propertyPath: m_Name
      value: SM_Env_Rubble_Pebbles_01 (2)
      objectReference: {fileID: 0}
    - target: {fileID: 23433303717037184, guid: e30845de42f85204da45b4a479bf42df,
        type: 3}
      propertyPath: m_Materials.Array.data[0]
      value: 
      objectReference: {fileID: 2100000, guid: fea4c8f1440f9c14fb14fdf23f9f620d, type: 2}
    m_RemovedComponents: []
  m_SourcePrefab: {fileID: 100100000, guid: e30845de42f85204da45b4a479bf42df, type: 3}
--- !u!4 &1834478500370357108 stripped
Transform:
  m_CorrespondingSourceObject: {fileID: 4228778088349648, guid: e30845de42f85204da45b4a479bf42df,
    type: 3}
  m_PrefabInstance: {fileID: 1835892459886912676}
  m_PrefabAsset: {fileID: 0}
--- !u!1001 &2288549731091218273
PrefabInstance:
  m_ObjectHideFlags: 0
  serializedVersion: 2
  m_Modification:
    m_TransformParent: {fileID: 5854310565855832000}
    m_Modifications:
    - target: {fileID: 4677444280949284, guid: a99cb196b8fe68e4b82345faf3839d05, type: 3}
      propertyPath: m_LocalPosition.x
      value: -0.238
      objectReference: {fileID: 0}
    - target: {fileID: 4677444280949284, guid: a99cb196b8fe68e4b82345faf3839d05, type: 3}
      propertyPath: m_LocalPosition.y
      value: -1.129
      objectReference: {fileID: 0}
    - target: {fileID: 4677444280949284, guid: a99cb196b8fe68e4b82345faf3839d05, type: 3}
      propertyPath: m_LocalPosition.z
      value: 0.383
      objectReference: {fileID: 0}
    - target: {fileID: 4677444280949284, guid: a99cb196b8fe68e4b82345faf3839d05, type: 3}
      propertyPath: m_LocalRotation.x
      value: 0.52459
      objectReference: {fileID: 0}
    - target: {fileID: 4677444280949284, guid: a99cb196b8fe68e4b82345faf3839d05, type: 3}
      propertyPath: m_LocalRotation.y
      value: 0.47410783
      objectReference: {fileID: 0}
    - target: {fileID: 4677444280949284, guid: a99cb196b8fe68e4b82345faf3839d05, type: 3}
      propertyPath: m_LocalRotation.z
      value: -0.47413984
      objectReference: {fileID: 0}
    - target: {fileID: 4677444280949284, guid: a99cb196b8fe68e4b82345faf3839d05, type: 3}
      propertyPath: m_LocalRotation.w
      value: 0.5246127
      objectReference: {fileID: 0}
    - target: {fileID: 4677444280949284, guid: a99cb196b8fe68e4b82345faf3839d05, type: 3}
      propertyPath: m_RootOrder
      value: 2
      objectReference: {fileID: 0}
    - target: {fileID: 4677444280949284, guid: a99cb196b8fe68e4b82345faf3839d05, type: 3}
      propertyPath: m_LocalEulerAnglesHint.x
      value: 90.00001
      objectReference: {fileID: 0}
    - target: {fileID: 4677444280949284, guid: a99cb196b8fe68e4b82345faf3839d05, type: 3}
      propertyPath: m_LocalEulerAnglesHint.y
      value: 0
      objectReference: {fileID: 0}
    - target: {fileID: 4677444280949284, guid: a99cb196b8fe68e4b82345faf3839d05, type: 3}
      propertyPath: m_LocalEulerAnglesHint.z
      value: -84.214005
      objectReference: {fileID: 0}
    - target: {fileID: 4677444280949284, guid: a99cb196b8fe68e4b82345faf3839d05, type: 3}
      propertyPath: m_LocalScale.x
      value: 0.16464202
      objectReference: {fileID: 0}
    - target: {fileID: 4677444280949284, guid: a99cb196b8fe68e4b82345faf3839d05, type: 3}
      propertyPath: m_LocalScale.y
      value: 0.46143723
      objectReference: {fileID: 0}
    - target: {fileID: 4677444280949284, guid: a99cb196b8fe68e4b82345faf3839d05, type: 3}
      propertyPath: m_LocalScale.z
      value: 0.24245937
      objectReference: {fileID: 0}
    - target: {fileID: 1690672080294742, guid: a99cb196b8fe68e4b82345faf3839d05, type: 3}
      propertyPath: m_Name
      value: SM_Env_Asteroid_Large_Holes_01
      objectReference: {fileID: 0}
    - target: {fileID: 23338271200113956, guid: a99cb196b8fe68e4b82345faf3839d05,
        type: 3}
      propertyPath: m_Materials.Array.data[0]
      value: 
      objectReference: {fileID: 2100000, guid: fea4c8f1440f9c14fb14fdf23f9f620d, type: 2}
    m_RemovedComponents: []
  m_SourcePrefab: {fileID: 100100000, guid: a99cb196b8fe68e4b82345faf3839d05, type: 3}
--- !u!4 &2292914705344456005 stripped
Transform:
  m_CorrespondingSourceObject: {fileID: 4677444280949284, guid: a99cb196b8fe68e4b82345faf3839d05,
    type: 3}
  m_PrefabInstance: {fileID: 2288549731091218273}
  m_PrefabAsset: {fileID: 0}
--- !u!1001 &4597076023128050945
PrefabInstance:
  m_ObjectHideFlags: 0
  serializedVersion: 2
  m_Modification:
    m_TransformParent: {fileID: 5854310565855832000}
    m_Modifications:
    - target: {fileID: 4462190286566460, guid: 47943db42d2ef3a4894c863802dc72fc, type: 3}
      propertyPath: m_LocalPosition.x
      value: -0.76
      objectReference: {fileID: 0}
    - target: {fileID: 4462190286566460, guid: 47943db42d2ef3a4894c863802dc72fc, type: 3}
      propertyPath: m_LocalPosition.y
      value: -0.601
      objectReference: {fileID: 0}
    - target: {fileID: 4462190286566460, guid: 47943db42d2ef3a4894c863802dc72fc, type: 3}
      propertyPath: m_LocalPosition.z
      value: 0.57
      objectReference: {fileID: 0}
    - target: {fileID: 4462190286566460, guid: 47943db42d2ef3a4894c863802dc72fc, type: 3}
      propertyPath: m_LocalRotation.x
      value: -0
      objectReference: {fileID: 0}
    - target: {fileID: 4462190286566460, guid: 47943db42d2ef3a4894c863802dc72fc, type: 3}
      propertyPath: m_LocalRotation.y
      value: -0.403157
      objectReference: {fileID: 0}
    - target: {fileID: 4462190286566460, guid: 47943db42d2ef3a4894c863802dc72fc, type: 3}
      propertyPath: m_LocalRotation.z
      value: -0
      objectReference: {fileID: 0}
    - target: {fileID: 4462190286566460, guid: 47943db42d2ef3a4894c863802dc72fc, type: 3}
      propertyPath: m_LocalRotation.w
      value: 0.91513085
      objectReference: {fileID: 0}
    - target: {fileID: 4462190286566460, guid: 47943db42d2ef3a4894c863802dc72fc, type: 3}
      propertyPath: m_RootOrder
      value: 4
      objectReference: {fileID: 0}
    - target: {fileID: 4462190286566460, guid: 47943db42d2ef3a4894c863802dc72fc, type: 3}
      propertyPath: m_LocalEulerAnglesHint.x
      value: 0
      objectReference: {fileID: 0}
    - target: {fileID: 4462190286566460, guid: 47943db42d2ef3a4894c863802dc72fc, type: 3}
      propertyPath: m_LocalEulerAnglesHint.y
      value: -47.551003
      objectReference: {fileID: 0}
    - target: {fileID: 4462190286566460, guid: 47943db42d2ef3a4894c863802dc72fc, type: 3}
      propertyPath: m_LocalEulerAnglesHint.z
      value: 0
      objectReference: {fileID: 0}
    - target: {fileID: 4462190286566460, guid: 47943db42d2ef3a4894c863802dc72fc, type: 3}
      propertyPath: m_LocalScale.x
      value: 1.366
      objectReference: {fileID: 0}
    - target: {fileID: 4462190286566460, guid: 47943db42d2ef3a4894c863802dc72fc, type: 3}
      propertyPath: m_LocalScale.y
      value: 1.366
      objectReference: {fileID: 0}
    - target: {fileID: 4462190286566460, guid: 47943db42d2ef3a4894c863802dc72fc, type: 3}
      propertyPath: m_LocalScale.z
      value: 1.366
      objectReference: {fileID: 0}
    - target: {fileID: 1740094851042136, guid: 47943db42d2ef3a4894c863802dc72fc, type: 3}
      propertyPath: m_Name
      value: SM_Env_Rubble_Pebbles_02
      objectReference: {fileID: 0}
    - target: {fileID: 23909568977039812, guid: 47943db42d2ef3a4894c863802dc72fc,
        type: 3}
      propertyPath: m_Materials.Array.data[0]
      value: 
      objectReference: {fileID: 2100000, guid: fea4c8f1440f9c14fb14fdf23f9f620d, type: 2}
    m_RemovedComponents: []
  m_SourcePrefab: {fileID: 100100000, guid: 47943db42d2ef3a4894c863802dc72fc, type: 3}
--- !u!4 &4594729486585444669 stripped
Transform:
  m_CorrespondingSourceObject: {fileID: 4462190286566460, guid: 47943db42d2ef3a4894c863802dc72fc,
    type: 3}
  m_PrefabInstance: {fileID: 4597076023128050945}
  m_PrefabAsset: {fileID: 0}
--- !u!1001 &4978318254859080132
PrefabInstance:
  m_ObjectHideFlags: 0
  serializedVersion: 2
  m_Modification:
    m_TransformParent: {fileID: 5854310565855832000}
    m_Modifications:
    - target: {fileID: 4228778088349648, guid: e30845de42f85204da45b4a479bf42df, type: 3}
      propertyPath: m_LocalPosition.x
      value: 2.033
      objectReference: {fileID: 0}
    - target: {fileID: 4228778088349648, guid: e30845de42f85204da45b4a479bf42df, type: 3}
      propertyPath: m_LocalPosition.y
      value: -0.529
      objectReference: {fileID: 0}
    - target: {fileID: 4228778088349648, guid: e30845de42f85204da45b4a479bf42df, type: 3}
      propertyPath: m_LocalPosition.z
      value: 0.786
      objectReference: {fileID: 0}
    - target: {fileID: 4228778088349648, guid: e30845de42f85204da45b4a479bf42df, type: 3}
      propertyPath: m_LocalRotation.x
      value: -0
      objectReference: {fileID: 0}
    - target: {fileID: 4228778088349648, guid: e30845de42f85204da45b4a479bf42df, type: 3}
      propertyPath: m_LocalRotation.y
      value: -0
      objectReference: {fileID: 0}
    - target: {fileID: 4228778088349648, guid: e30845de42f85204da45b4a479bf42df, type: 3}
      propertyPath: m_LocalRotation.z
      value: -0
      objectReference: {fileID: 0}
    - target: {fileID: 4228778088349648, guid: e30845de42f85204da45b4a479bf42df, type: 3}
      propertyPath: m_LocalRotation.w
      value: 1
      objectReference: {fileID: 0}
    - target: {fileID: 4228778088349648, guid: e30845de42f85204da45b4a479bf42df, type: 3}
      propertyPath: m_RootOrder
      value: 3
      objectReference: {fileID: 0}
    - target: {fileID: 4228778088349648, guid: e30845de42f85204da45b4a479bf42df, type: 3}
      propertyPath: m_LocalEulerAnglesHint.x
      value: 0
      objectReference: {fileID: 0}
    - target: {fileID: 4228778088349648, guid: e30845de42f85204da45b4a479bf42df, type: 3}
      propertyPath: m_LocalEulerAnglesHint.y
      value: 0
      objectReference: {fileID: 0}
    - target: {fileID: 4228778088349648, guid: e30845de42f85204da45b4a479bf42df, type: 3}
      propertyPath: m_LocalEulerAnglesHint.z
      value: 0
      objectReference: {fileID: 0}
    - target: {fileID: 4228778088349648, guid: e30845de42f85204da45b4a479bf42df, type: 3}
      propertyPath: m_LocalScale.x
      value: 0.73211676
      objectReference: {fileID: 0}
    - target: {fileID: 4228778088349648, guid: e30845de42f85204da45b4a479bf42df, type: 3}
      propertyPath: m_LocalScale.y
      value: 0.73211676
      objectReference: {fileID: 0}
    - target: {fileID: 4228778088349648, guid: e30845de42f85204da45b4a479bf42df, type: 3}
      propertyPath: m_LocalScale.z
      value: 0.73211676
      objectReference: {fileID: 0}
    - target: {fileID: 1083196590453424, guid: e30845de42f85204da45b4a479bf42df, type: 3}
      propertyPath: m_Name
      value: SM_Env_Rubble_Pebbles_01
      objectReference: {fileID: 0}
    - target: {fileID: 23433303717037184, guid: e30845de42f85204da45b4a479bf42df,
        type: 3}
      propertyPath: m_Materials.Array.data[0]
      value: 
      objectReference: {fileID: 2100000, guid: fea4c8f1440f9c14fb14fdf23f9f620d, type: 2}
    m_RemovedComponents: []
  m_SourcePrefab: {fileID: 100100000, guid: e30845de42f85204da45b4a479bf42df, type: 3}
--- !u!4 &4979164925801655828 stripped
Transform:
  m_CorrespondingSourceObject: {fileID: 4228778088349648, guid: e30845de42f85204da45b4a479bf42df,
    type: 3}
  m_PrefabInstance: {fileID: 4978318254859080132}
  m_PrefabAsset: {fileID: 0}
--- !u!1001 &6339416278526401782
PrefabInstance:
  m_ObjectHideFlags: 0
  serializedVersion: 2
  m_Modification:
    m_TransformParent: {fileID: 5854310565855832000}
    m_Modifications:
    - target: {fileID: 4228778088349648, guid: e30845de42f85204da45b4a479bf42df, type: 3}
      propertyPath: m_LocalPosition.x
      value: -3.09
      objectReference: {fileID: 0}
    - target: {fileID: 4228778088349648, guid: e30845de42f85204da45b4a479bf42df, type: 3}
      propertyPath: m_LocalPosition.y
      value: -0.5
      objectReference: {fileID: 0}
    - target: {fileID: 4228778088349648, guid: e30845de42f85204da45b4a479bf42df, type: 3}
      propertyPath: m_LocalPosition.z
      value: 1.17
      objectReference: {fileID: 0}
    - target: {fileID: 4228778088349648, guid: e30845de42f85204da45b4a479bf42df, type: 3}
      propertyPath: m_LocalRotation.x
      value: -0
      objectReference: {fileID: 0}
    - target: {fileID: 4228778088349648, guid: e30845de42f85204da45b4a479bf42df, type: 3}
      propertyPath: m_LocalRotation.y
      value: -0.94836974
      objectReference: {fileID: 0}
    - target: {fileID: 4228778088349648, guid: e30845de42f85204da45b4a479bf42df, type: 3}
      propertyPath: m_LocalRotation.z
      value: -0
      objectReference: {fileID: 0}
    - target: {fileID: 4228778088349648, guid: e30845de42f85204da45b4a479bf42df, type: 3}
      propertyPath: m_LocalRotation.w
      value: -0.31716713
      objectReference: {fileID: 0}
    - target: {fileID: 4228778088349648, guid: e30845de42f85204da45b4a479bf42df, type: 3}
      propertyPath: m_RootOrder
      value: 5
      objectReference: {fileID: 0}
    - target: {fileID: 4228778088349648, guid: e30845de42f85204da45b4a479bf42df, type: 3}
      propertyPath: m_LocalEulerAnglesHint.x
      value: 0
      objectReference: {fileID: 0}
    - target: {fileID: 4228778088349648, guid: e30845de42f85204da45b4a479bf42df, type: 3}
      propertyPath: m_LocalEulerAnglesHint.y
      value: -216.98299
      objectReference: {fileID: 0}
    - target: {fileID: 4228778088349648, guid: e30845de42f85204da45b4a479bf42df, type: 3}
      propertyPath: m_LocalEulerAnglesHint.z
      value: 0
      objectReference: {fileID: 0}
    - target: {fileID: 4228778088349648, guid: e30845de42f85204da45b4a479bf42df, type: 3}
      propertyPath: m_LocalScale.x
      value: 1.8812184
      objectReference: {fileID: 0}
    - target: {fileID: 4228778088349648, guid: e30845de42f85204da45b4a479bf42df, type: 3}
      propertyPath: m_LocalScale.y
      value: 0.92
      objectReference: {fileID: 0}
    - target: {fileID: 4228778088349648, guid: e30845de42f85204da45b4a479bf42df, type: 3}
      propertyPath: m_LocalScale.z
      value: 1.4887459
      objectReference: {fileID: 0}
    - target: {fileID: 1083196590453424, guid: e30845de42f85204da45b4a479bf42df, type: 3}
      propertyPath: m_Name
      value: SM_Env_Rubble_Pebbles_01 (1)
      objectReference: {fileID: 0}
    - target: {fileID: 23433303717037184, guid: e30845de42f85204da45b4a479bf42df,
        type: 3}
      propertyPath: m_Materials.Array.data[0]
      value: 
      objectReference: {fileID: 2100000, guid: fea4c8f1440f9c14fb14fdf23f9f620d, type: 2}
    m_RemovedComponents: []
  m_SourcePrefab: {fileID: 100100000, guid: e30845de42f85204da45b4a479bf42df, type: 3}
--- !u!4 &6338015522561401638 stripped
Transform:
  m_CorrespondingSourceObject: {fileID: 4228778088349648, guid: e30845de42f85204da45b4a479bf42df,
    type: 3}
  m_PrefabInstance: {fileID: 6339416278526401782}
  m_PrefabAsset: {fileID: 0}
--- !u!1001 &8296684458703166282
PrefabInstance:
  m_ObjectHideFlags: 0
  serializedVersion: 2
  m_Modification:
    m_TransformParent: {fileID: 5854310565855832000}
    m_Modifications:
    - target: {fileID: 4815644880311426, guid: 118121866cc786746a24514fe8a98f7c, type: 3}
      propertyPath: m_LocalPosition.x
      value: 2.4
      objectReference: {fileID: 0}
    - target: {fileID: 4815644880311426, guid: 118121866cc786746a24514fe8a98f7c, type: 3}
      propertyPath: m_LocalPosition.y
      value: -2.21
      objectReference: {fileID: 0}
    - target: {fileID: 4815644880311426, guid: 118121866cc786746a24514fe8a98f7c, type: 3}
      propertyPath: m_LocalPosition.z
      value: -0.00000016623
      objectReference: {fileID: 0}
    - target: {fileID: 4815644880311426, guid: 118121866cc786746a24514fe8a98f7c, type: 3}
      propertyPath: m_LocalRotation.x
      value: -0
      objectReference: {fileID: 0}
    - target: {fileID: 4815644880311426, guid: 118121866cc786746a24514fe8a98f7c, type: 3}
      propertyPath: m_LocalRotation.y
      value: -0
      objectReference: {fileID: 0}
    - target: {fileID: 4815644880311426, guid: 118121866cc786746a24514fe8a98f7c, type: 3}
      propertyPath: m_LocalRotation.z
      value: 0.05511183
      objectReference: {fileID: 0}
    - target: {fileID: 4815644880311426, guid: 118121866cc786746a24514fe8a98f7c, type: 3}
      propertyPath: m_LocalRotation.w
      value: 0.99848026
      objectReference: {fileID: 0}
    - target: {fileID: 4815644880311426, guid: 118121866cc786746a24514fe8a98f7c, type: 3}
      propertyPath: m_RootOrder
      value: 0
      objectReference: {fileID: 0}
    - target: {fileID: 4815644880311426, guid: 118121866cc786746a24514fe8a98f7c, type: 3}
      propertyPath: m_LocalEulerAnglesHint.x
      value: 0
      objectReference: {fileID: 0}
    - target: {fileID: 4815644880311426, guid: 118121866cc786746a24514fe8a98f7c, type: 3}
      propertyPath: m_LocalEulerAnglesHint.y
      value: 0
      objectReference: {fileID: 0}
    - target: {fileID: 4815644880311426, guid: 118121866cc786746a24514fe8a98f7c, type: 3}
      propertyPath: m_LocalEulerAnglesHint.z
      value: 6.3190002
      objectReference: {fileID: 0}
    - target: {fileID: 4815644880311426, guid: 118121866cc786746a24514fe8a98f7c, type: 3}
      propertyPath: m_LocalScale.x
      value: 0.30279678
      objectReference: {fileID: 0}
    - target: {fileID: 4815644880311426, guid: 118121866cc786746a24514fe8a98f7c, type: 3}
      propertyPath: m_LocalScale.y
      value: 0.30279678
      objectReference: {fileID: 0}
    - target: {fileID: 4815644880311426, guid: 118121866cc786746a24514fe8a98f7c, type: 3}
      propertyPath: m_LocalScale.z
      value: 0.30279678
      objectReference: {fileID: 0}
    - target: {fileID: 1327755057121430, guid: 118121866cc786746a24514fe8a98f7c, type: 3}
      propertyPath: m_Name
      value: SM_Env_Asteroid_Holes_04
      objectReference: {fileID: 0}
    - target: {fileID: 23987407596915866, guid: 118121866cc786746a24514fe8a98f7c,
        type: 3}
      propertyPath: m_Materials.Array.data[0]
      value: 
      objectReference: {fileID: 2100000, guid: fea4c8f1440f9c14fb14fdf23f9f620d, type: 2}
    m_RemovedComponents: []
  m_SourcePrefab: {fileID: 100100000, guid: 118121866cc786746a24514fe8a98f7c, type: 3}
--- !u!4 &8300878770461806536 stripped
Transform:
  m_CorrespondingSourceObject: {fileID: 4815644880311426, guid: 118121866cc786746a24514fe8a98f7c,
    type: 3}
  m_PrefabInstance: {fileID: 8296684458703166282}
  m_PrefabAsset: {fileID: 0}
